<?xml version='1.0' encoding='utf-8' standalone='yes' ?><gnc-v2 xmlns:gnc="http://www.gnucash.org/XML/gnc" xmlns:act="http://www.gnucash.org/XML/act" xmlns:book="http://www.gnucash.org/XML/book" xmlns:cd="http://www.gnucash.org/XML/cd" xmlns:cmdty="http://www.gnucash.org/XML/cmdty" xmlns:price="http://www.gnucash.org/XML/price" xmlns:slot="http://www.gnucash.org/XML/slot" xmlns:split="http://www.gnucash.org/XML/split" xmlns:trn="http://www.gnucash.org/XML/trn" xmlns:ts="http://www.gnucash.org/XML/ts" xmlns:sx="http://www.gnucash.org/XML/sx" xmlns:recurrence="http://www.gnucash.org/XML/recurrence"><gnc:count-data cd:type="book">1</gnc:count-data><gnc:book version="2.0.0"><book:id type="guid">b333a2542c4c41a8896c7eee3e270a64</book:id><gnc:count-data cd:type="commodity">1</gnc:count-data><gnc:count-data cd:type="account">43</gnc:count-data><gnc:count-data cd:type="transaction">76</gnc:count-data><gnc:commodity version="2.0.0"><cmdty:space>ISO4217</cmdty:space><cmdty:id>USD</cmdty:id></gnc:commodity><gnc:account version="2.0.0"><act:name>Root Account</act:name><act:id type="guid">2db28813e65d1b433b6e99b13fdd3de0</act:id><act:type>ROOT</act:type><act:commodity><cmdty:space>ISO4217</cmdty:space><cmdty:id>USD</cmdty:id></act:commodity><act:commodity-scu>100</act:commodity-scu><act:slots><slot><slot:key>placeholder</slot:key><slot:value type="string">false</slot:value></slot><slot><slot:key>favorite</slot:key><slot:value type="string">false</slot:value></slot></act:slots></gnc:account><gnc:account version="2.0.0"><act:name>Assets</act:name><act:id type="guid">af3328b70fedb5302bf9317fae401534</act:id><act:type>ASSET</act:type><act:commodity><cmdty:space>ISO4217</cmdty:space><cmdty:id>USD</cmdty:id></act:commodity><act:commodity-scu>100</act:commodity-scu><act:description>Assets</act:description><act:slots><slot><slot:key>placeholder</slot:key><slot:value type="string">true</slot:value></slot><slot><slot:key>favorite</slot:key><slot:value type="string">false</slot:value></slot></act:slots><act:parent type="guid">2db28813e65d1b433b6e99b13fdd3de0</act:parent></gnc:account><gnc:account version="2.0.0"><act:name>Current Assets</act:name><act:id type="guid">83433d6e4cc7c7727c7a33891fae5d52</act:id><act:type>ASSET</act:type><act:commodity><cmdty:space>ISO4217</cmdty:space><cmdty:id>USD</cmdty:id></act:commodity><act:commodity-scu>100</act:commodity-scu><act:description>Current Assets</act:description><act:slots><slot><slot:key>placeholder</slot:key><slot:value type="string">true</slot:value></slot><slot><slot:key>favorite</slot:key><slot:value type="string">false</slot:value></slot></act:slots><act:parent type="guid">af3328b70fedb5302bf9317fae401534</act:parent></gnc:account><gnc:account version="2.0.0"><act:name>Cash in Wallet</act:name><act:id type="guid">3b257f3bf3f229f4c272a123cfc3b12c</act:id><act:type>CASH</act:type><act:commodity><cmdty:space>ISO4217</cmdty:space><cmdty:id>USD</cmdty:id></act:commodity><act:commodity-scu>100</act:commodity-scu><act:description>Cash in Wallet</act:description><act:slots><slot><slot:key>placeholder</slot:key><slot:value type="string">false</slot:value></slot><slot><slot:key>favorite</slot:key><slot:value type="string">false</slot:value></slot></act:slots><act:parent type="guid">83433d6e4cc7c7727c7a33891fae5d52</act:parent></gnc:account><gnc:account version="2.0.0"><act:name>Checking Account</act:name><act:id type="guid">6308100d7f0bf1df27c95ea597e397f7</act:id><act:type>BANK</act:type><act:commodity><cmdty:space>ISO4217</cmdty:space><cmdty:id>USD</cmdty:id></act:commodity><act:commodity-scu>100</act:commodity-scu><act:description>Checking Account</act:description><act:slots><slot><slot:key>placeholder</slot:key><slot:value type="string">false</slot:value></slot><slot><slot:key>favorite</slot:key><slot:value type="string">false</slot:value></slot></act:slots><act:parent type="guid">83433d6e4cc7c7727c7a33891fae5d52</act:parent></gnc:account><gnc:account version="2.0.0"><act:name>Car</act:name><act:id type="guid">bb84fed72996a8711d4ebd5ec155da5d</act:id><act:type>BANK</act:type><act:commodity><cmdty:space>ISO4217</cmdty:space><cmdty:id>USD</cmdty:id></act:commodity><act:commodity-scu>100</act:commodity-scu><act:slots><slot><slot:key>placeholder</slot:key><slot:value type="string">false</slot:value></slot><slot><slot:key>favorite</slot:key><slot:value type="string">false</slot:value></slot></act:slots><act:parent type="guid">6308100d7f0bf1df27c95ea597e397f7</act:parent></gnc:account><gnc:account version="2.0.0"><act:name>Computer</act:name><act:id type="guid">42e3c519f8260dcbf6f25b7ea4fa495c</act:id><act:type>BANK</act:type><act:commodity><cmdty:space>ISO4217</cmdty:space><cmdty:id>USD</cmdty:id></act:commodity><act:commodity-scu>100</act:commodity-scu><act:slots><slot><slot:key>placeholder</slot:key><slot:value type="string">false</slot:value></slot><slot><slot:key>favorite</slot:key><slot:value type="string">false</slot:value></slot></act:slots><act:parent type="guid">6308100d7f0bf1df27c95ea597e397f7</act:parent></gnc:account><gnc:account version="2.0.0"><act:name>Dining</act:name><act:id type="guid">827f4b86fbc31c3f39397d85dbb4b295</act:id><act:type>BANK</act:type><act:commodity><cmdty:space>ISO4217</cmdty:space><cmdty:id>USD</cmdty:id></act:commodity><act:commodity-scu>100</act:commodity-scu><act:slots><slot><slot:key>placeholder</slot:key><slot:value type="string">false</slot:value></slot><slot><slot:key>favorite</slot:key><slot:value type="string">false</slot:value></slot></act:slots><act:parent type="guid">6308100d7f0bf1df27c95ea597e397f7</act:parent></gnc:account><gnc:account version="2.0.0"><act:name>Education</act:name><act:id type="guid">b80ff1598e7a90622984bc20c13ce89a</act:id><act:type>BANK</act:type><act:commodity><cmdty:space>ISO4217</cmdty:space><cmdty:id>USD</cmdty:id></act:commodity><act:commodity-scu>100</act:commodity-scu><act:slots><slot><slot:key>placeholder</slot:key><slot:value type="string">false</slot:value></slot><slot><slot:key>favorite</slot:key><slot:value type="string">false</slot:value></slot></act:slots><act:parent type="guid">6308100d7f0bf1df27c95ea597e397f7</act:parent></gnc:account><gnc:account version="2.0.0"><act:name>Gas</act:name><act:id type="guid">c4ccb1c69aeafdcbee12a82a2c932b27</act:id><act:type>BANK</act:type><act:commodity><cmdty:space>ISO4217</cmdty:space><cmdty:id>USD</cmdty:id></act:commodity><act:commodity-scu>100</act:commodity-scu><act:slots><slot><slot:key>placeholder</slot:key><slot:value type="string">false</slot:value></slot><slot><slot:key>favorite</slot:key><slot:value type="string">false</slot:value></slot></act:slots><act:parent type="guid">6308100d7f0bf1df27c95ea597e397f7</act:parent></gnc:account><gnc:account version="2.0.0"><act:name>Groceries</act:name><act:id type="guid">1683c72cba14bf14b4ad3607dbc11c3c</act:id><act:type>BANK</act:type><act:commodity><cmdty:space>ISO4217</cmdty:space><cmdty:id>USD</cmdty:id></act:commodity><act:commodity-scu>100</act:commodity-scu><act:slots><slot><slot:key>placeholder</slot:key><slot:value type="string">false</slot:value></slot><slot><slot:key>favorite</slot:key><slot:value type="string">false</slot:value></slot></act:slots><act:parent type="guid">6308100d7f0bf1df27c95ea597e397f7</act:parent></gnc:account><gnc:account version="2.0.0"><act:name>House</act:name><act:id type="guid">d87bf3c16c5b7b8bdae7fa3854684773</act:id><act:type>BANK</act:type><act:commodity><cmdty:space>ISO4217</cmdty:space><cmdty:id>USD</cmdty:id></act:commodity><act:commodity-scu>100</act:commodity-scu><act:slots><slot><slot:key>placeholder</slot:key><slot:value type="string">false</slot:value></slot><slot><slot:key>favorite</slot:key><slot:value type="string">false</slot:value></slot></act:slots><act:parent type="guid">6308100d7f0bf1df27c95ea597e397f7</act:parent></gnc:account><gnc:account version="2.0.0"><act:name>Electric</act:name><act:id type="guid">264713a7280982e1ea668b9ecd65714e</act:id><act:type>BANK</act:type><act:commodity><cmdty:space>ISO4217</cmdty:space><cmdty:id>USD</cmdty:id></act:commodity><act:commodity-scu>100</act:commodity-scu><act:slots><slot><slot:key>placeholder</slot:key><slot:value type="string">false</slot:value></slot><slot><slot:key>favorite</slot:key><slot:value type="string">false</slot:value></slot></act:slots><act:parent type="guid">d87bf3c16c5b7b8bdae7fa3854684773</act:parent></gnc:account><gnc:account version="2.0.0"><act:name>Rent</act:name><act:id type="guid">2b182d25ed30059457cbf1ea12c67862</act:id><act:type>BANK</act:type><act:commodity><cmdty:space>ISO4217</cmdty:space><cmdty:id>USD</cmdty:id></act:commodity><act:commodity-scu>100</act:commodity-scu><act:slots><slot><slot:key>placeholder</slot:key><slot:value type="string">false</slot:value></slot><slot><slot:key>favorite</slot:key><slot:value type="string">false</slot:value></slot></act:slots><act:parent type="guid">d87bf3c16c5b7b8bdae7fa3854684773</act:parent></gnc:account><gnc:account version="2.0.0"><act:name>Water</act:name><act:id type="guid">4eadffdaf29bbab25cb6ec2db4b28a67</act:id><act:type>BANK</act:type><act:commodity><cmdty:space>ISO4217</cmdty:space><cmdty:id>USD</cmdty:id></act:commodity><act:commodity-scu>100</act:commodity-scu><act:slots><slot><slot:key>placeholder</slot:key><slot:value type="string">false</slot:value></slot><slot><slot:key>favorite</slot:key><slot:value type="string">false</slot:value></slot></act:slots><act:parent type="guid">d87bf3c16c5b7b8bdae7fa3854684773</act:parent></gnc:account><gnc:account version="2.0.0"><act:name>Internet/Cable</act:name><act:id type="guid">a10096947250a25816b6ba390a3b2ffa</act:id><act:type>BANK</act:type><act:commodity><cmdty:space>ISO4217</cmdty:space><cmdty:id>USD</cmdty:id></act:commodity><act:commodity-scu>100</act:commodity-scu><act:slots><slot><slot:key>placeholder</slot:key><slot:value type="string">false</slot:value></slot><slot><slot:key>favorite</slot:key><slot:value type="string">false</slot:value></slot></act:slots><act:parent type="guid">6308100d7f0bf1df27c95ea597e397f7</act:parent></gnc:account><gnc:account version="2.0.0"><act:name>Phone</act:name><act:id type="guid">a30c0a6e05186af474753eb2e245a32a</act:id><act:type>BANK</act:type><act:commodity><cmdty:space>ISO4217</cmdty:space><cmdty:id>USD</cmdty:id></act:commodity><act:commodity-scu>100</act:commodity-scu><act:slots><slot><slot:key>placeholder</slot:key><slot:value type="string">false</slot:value></slot><slot><slot:key>favorite</slot:key><slot:value type="string">false</slot:value></slot></act:slots><act:parent type="guid">6308100d7f0bf1df27c95ea597e397f7</act:parent></gnc:account><gnc:account version="2.0.0"><act:name>Public Transportation</act:name><act:id type="guid">804ab91a331aa0360d80ddcd4beaa985</act:id><act:type>BANK</act:type><act:commodity><cmdty:space>ISO4217</cmdty:space><cmdty:id>USD</cmdty:id></act:commodity><act:commodity-scu>100</act:commodity-scu><act:slots><slot><slot:key>placeholder</slot:key><slot:value type="string">false</slot:value></slot><slot><slot:key>favorite</slot:key><slot:value type="string">false</slot:value></slot></act:slots><act:parent type="guid">6308100d7f0bf1df27c95ea597e397f7</act:parent></gnc:account><gnc:account version="2.0.0"><act:name>Save</act:name><act:id type="guid">d3a5a96596d81f6a0cf2ca2cd42d410a</act:id><act:type>BANK</act:type><act:commodity><cmdty:space>ISO4217</cmdty:space><cmdty:id>USD</cmdty:id></act:commodity><act:commodity-scu>100</act:commodity-scu><act:slots><slot><slot:key>placeholder</slot:key><slot:value type="string">false</slot:value></slot><slot><slot:key>favorite</slot:key><slot:value type="string">false</slot:value></slot></act:slots><act:parent type="guid">6308100d7f0bf1df27c95ea597e397f7</act:parent></gnc:account><gnc:account version="2.0.0"><act:name>Savings Account</act:name><act:id type="guid">8c89ddac62c2212f772deaf95ef7ce6c</act:id><act:type>BANK</act:type><act:commodity><cmdty:space>ISO4217</cmdty:space><cmdty:id>USD</cmdty:id></act:commodity><act:commodity-scu>100</act:commodity-scu><act:description>Savings Account</act:description><act:slots><slot><slot:key>placeholder</slot:key><slot:value type="string">false</slot:value></slot><slot><slot:key>favorite</slot:key><slot:value type="string">false</slot:value></slot></act:slots><act:parent type="guid">83433d6e4cc7c7727c7a33891fae5d52</act:parent></gnc:account><gnc:account version="2.0.0"><act:name>Equity</act:name><act:id type="guid">45d107514de939573ba1b3ecdc6f8c22</act:id><act:type>EQUITY</act:type><act:commodity><cmdty:space>ISO4217</cmdty:space><cmdty:id>USD</cmdty:id></act:commodity><act:commodity-scu>100</act:commodity-scu><act:description>Equity</act:description><act:slots><slot><slot:key>placeholder</slot:key><slot:value type="string">true</slot:value></slot><slot><slot:key>favorite</slot:key><slot:value type="string">false</slot:value></slot></act:slots><act:parent type="guid">2db28813e65d1b433b6e99b13fdd3de0</act:parent></gnc:account><gnc:account version="2.0.0"><act:name>Opening Balances</act:name><act:id type="guid">86931487f97989cd41b21f84ad61c24c</act:id><act:type>EQUITY</act:type><act:commodity><cmdty:space>ISO4217</cmdty:space><cmdty:id>USD</cmdty:id></act:commodity><act:commodity-scu>100</act:commodity-scu><act:description>Opening Balances</act:description><act:slots><slot><slot:key>placeholder</slot:key><slot:value type="string">false</slot:value></slot><slot><slot:key>favorite</slot:key><slot:value type="string">false</slot:value></slot></act:slots><act:parent type="guid">45d107514de939573ba1b3ecdc6f8c22</act:parent></gnc:account><gnc:account version="2.0.0"><act:name>Expenses</act:name><act:id type="guid">5cd6e5063963556e192a15a2ece95302</act:id><act:type>EXPENSE</act:type><act:commodity><cmdty:space>ISO4217</cmdty:space><cmdty:id>USD</cmdty:id></act:commodity><act:commodity-scu>100</act:commodity-scu><act:description>Expenses</act:description><act:slots><slot><slot:key>placeholder</slot:key><slot:value type="string">true</slot:value></slot><slot><slot:key>favorite</slot:key><slot:value type="string">false</slot:value></slot></act:slots><act:parent type="guid">2db28813e65d1b433b6e99b13fdd3de0</act:parent></gnc:account><gnc:account version="2.0.0"><act:name>Cable</act:name><act:id type="guid">7abeb1b0d77a3fdb42fcf6cc94d8024f</act:id><act:type>EXPENSE</act:type><act:commodity><cmdty:space>ISO4217</cmdty:space><cmdty:id>USD</cmdty:id></act:commodity><act:commodity-scu>100</act:commodity-scu><act:description>Cable</act:description><act:slots><slot><slot:key>placeholder</slot:key><slot:value type="string">false</slot:value></slot><slot><slot:key>favorite</slot:key><slot:value type="string">false</slot:value></slot></act:slots><act:parent type="guid">5cd6e5063963556e192a15a2ece95302</act:parent></gnc:account><gnc:account version="2.0.0"><act:name>Car</act:name><act:id type="guid">144d1b9348ddbeafb88f72b56a9b3935</act:id><act:type>EXPENSE</act:type><act:commodity><cmdty:space>ISO4217</cmdty:space><cmdty:id>USD</cmdty:id></act:commodity><act:commodity-scu>100</act:commodity-scu><act:description>Car</act:description><act:slots><slot><slot:key>placeholder</slot:key><slot:value type="string">false</slot:value></slot><slot><slot:key>favorite</slot:key><slot:value type="string">false</slot:value></slot></act:slots><act:parent type="guid">5cd6e5063963556e192a15a2ece95302</act:parent></gnc:account><gnc:account version="2.0.0"><act:name>Car Gas</act:name><act:id type="guid">0f924489d3a7108f54b3222710793aa2</act:id><act:type>EXPENSE</act:type><act:commodity><cmdty:space>ISO4217</cmdty:space><cmdty:id>USD</cmdty:id></act:commodity><act:commodity-scu>100</act:commodity-scu><act:description>Gas</act:description><act:slots><slot><slot:key>placeholder</slot:key><slot:value type="string">false</slot:value></slot><slot><slot:key>favorite</slot:key><slot:value type="string">false</slot:value></slot></act:slots><act:parent type="guid">5cd6e5063963556e192a15a2ece95302</act:parent></gnc:account><gnc:account version="2.0.0"><act:name>Computer</act:name><act:id type="guid">47b30d837d6b604c846079ddbfa16bb6</act:id><act:type>EXPENSE</act:type><act:commodity><cmdty:space>ISO4217</cmdty:space><cmdty:id>USD</cmdty:id></act:commodity><act:commodity-scu>100</act:commodity-scu><act:description>Computer</act:description><act:slots><slot><slot:key>placeholder</slot:key><slot:value type="string">false</slot:value></slot><slot><slot:key>favorite</slot:key><slot:value type="string">false</slot:value></slot></act:slots><act:parent type="guid">5cd6e5063963556e192a15a2ece95302</act:parent></gnc:account><gnc:account version="2.0.0"><act:name>Dining</act:name><act:id type="guid">fba300ee814d7b0a42436d4dd0230d72</act:id><act:type>EXPENSE</act:type><act:commodity><cmdty:space>ISO4217</cmdty:space><cmdty:id>USD</cmdty:id></act:commodity><act:commodity-scu>100</act:commodity-scu><act:description>Dining</act:description><act:slots><slot><slot:key>placeholder</slot:key><slot:value type="string">false</slot:value></slot><slot><slot:key>favorite</slot:key><slot:value type="string">false</slot:value></slot></act:slots><act:parent type="guid">5cd6e5063963556e192a15a2ece95302</act:parent></gnc:account><gnc:account version="2.0.0"><act:name>Education</act:name><act:id type="guid">cef52fcc12b7967356179168eb06c2da</act:id><act:type>EXPENSE</act:type><act:commodity><cmdty:space>ISO4217</cmdty:space><cmdty:id>USD</cmdty:id></act:commodity><act:commodity-scu>100</act:commodity-scu><act:description>Education</act:description><act:slots><slot><slot:key>placeholder</slot:key><slot:value type="string">false</slot:value></slot><slot><slot:key>favorite</slot:key><slot:value type="string">false</slot:value></slot></act:slots><act:parent type="guid">5cd6e5063963556e192a15a2ece95302</act:parent></gnc:account><gnc:account version="2.0.0"><act:name>Electric</act:name><act:id type="guid">ba0043318cb57e42a11b5968bc3bc0f8</act:id><act:type>EXPENSE</act:type><act:commodity><cmdty:space>ISO4217</cmdty:space><cmdty:id>USD</cmdty:id></act:commodity><act:commodity-scu>100</act:commodity-scu><act:slots><slot><slot:key>placeholder</slot:key><slot:value type="string">false</slot:value></slot><slot><slot:key>favorite</slot:key><slot:value type="string">false</slot:value></slot></act:slots><act:parent type="guid">5cd6e5063963556e192a15a2ece95302</act:parent></gnc:account><gnc:account version="2.0.0"><act:name>Groceries</act:name><act:id type="guid">60b7bfe0b4b00b2e3706aa937c440464</act:id><act:type>EXPENSE</act:type><act:commodity><cmdty:space>ISO4217</cmdty:space><cmdty:id>USD</cmdty:id></act:commodity><act:commodity-scu>100</act:commodity-scu><act:description>Groceries</act:description><act:slots><slot><slot:key>placeholder</slot:key><slot:value type="string">false</slot:value></slot><slot><slot:key>favorite</slot:key><slot:value type="string">false</slot:value></slot></act:slots><act:parent type="guid">5cd6e5063963556e192a15a2ece95302</act:parent></gnc:account><gnc:account version="2.0.0"><act:name>Phone</act:name><act:id type="guid">48595eccd17e0b9c3c37de362a8c6c87</act:id><act:type>EXPENSE</act:type><act:commodity><cmdty:space>ISO4217</cmdty:space><cmdty:id>USD</cmdty:id></act:commodity><act:commodity-scu>100</act:commodity-scu><act:description>Phone</act:description><act:slots><slot><slot:key>placeholder</slot:key><slot:value type="string">false</slot:value></slot><slot><slot:key>favorite</slot:key><slot:value type="string">false</slot:value></slot></act:slots><act:parent type="guid">5cd6e5063963556e192a15a2ece95302</act:parent></gnc:account><gnc:account version="2.0.0"><act:name>Public Transportation</act:name><act:id type="guid">f844a5ae9e577af9fe9f5f5bcfe33779</act:id><act:type>EXPENSE</act:type><act:commodity><cmdty:space>ISO4217</cmdty:space><cmdty:id>USD</cmdty:id></act:commodity><act:commodity-scu>100</act:commodity-scu><act:description>Public Transportation</act:description><act:slots><slot><slot:key>placeholder</slot:key><slot:value type="string">false</slot:value></slot><slot><slot:key>favorite</slot:key><slot:value type="string">false</slot:value></slot></act:slots><act:parent type="guid">5cd6e5063963556e192a15a2ece95302</act:parent></gnc:account><gnc:account version="2.0.0"><act:name>Rent</act:name><act:id type="guid">a8d3f6cfa5f9b372fb2a2b9ca137b9f4</act:id><act:type>EXPENSE</act:type><act:commodity><cmdty:space>ISO4217</cmdty:space><cmdty:id>USD</cmdty:id></act:commodity><act:commodity-scu>100</act:commodity-scu><act:description>Rent</act:description><act:slots><slot><slot:key>placeholder</slot:key><slot:value type="string">false</slot:value></slot><slot><slot:key>favorite</slot:key><slot:value type="string">false</slot:value></slot></act:slots><act:parent type="guid">5cd6e5063963556e192a15a2ece95302</act:parent></gnc:account><gnc:account version="2.0.0"><act:name>Water</act:name><act:id type="guid">3076f71f3f0de1b30e22966250bafb8c</act:id><act:type>EXPENSE</act:type><act:commodity><cmdty:space>ISO4217</cmdty:space><cmdty:id>USD</cmdty:id></act:commodity><act:commodity-scu>100</act:commodity-scu><act:description>Water</act:description><act:slots><slot><slot:key>placeholder</slot:key><slot:value type="string">false</slot:value></slot><slot><slot:key>favorite</slot:key><slot:value type="string">false</slot:value></slot></act:slots><act:parent type="guid">5cd6e5063963556e192a15a2ece95302</act:parent></gnc:account><gnc:account version="2.0.0"><act:name>Imbalance-USD</act:name><act:id type="guid">f8174409c840ca008879a26dd65b59c3</act:id><act:type>BANK</act:type><act:commodity><cmdty:space>ISO4217</cmdty:space><cmdty:id>USD</cmdty:id></act:commodity><act:commodity-scu>100</act:commodity-scu><act:slots><slot><slot:key>placeholder</slot:key><slot:value type="string">false</slot:value></slot><slot><slot:key>favorite</slot:key><slot:value type="string">false</slot:value></slot></act:slots><act:parent type="guid">2db28813e65d1b433b6e99b13fdd3de0</act:parent></gnc:account><gnc:account version="2.0.0"><act:name>Income</act:name><act:id type="guid">665c0957f0d8346f41897d3a2ed55e13</act:id><act:type>INCOME</act:type><act:commodity><cmdty:space>ISO4217</cmdty:space><cmdty:id>USD</cmdty:id></act:commodity><act:commodity-scu>100</act:commodity-scu><act:description>Income</act:description><act:slots><slot><slot:key>placeholder</slot:key><slot:value type="string">true</slot:value></slot><slot><slot:key>favorite</slot:key><slot:value type="string">false</slot:value></slot></act:slots><act:parent type="guid">2db28813e65d1b433b6e99b13fdd3de0</act:parent></gnc:account><gnc:account version="2.0.0"><act:name>Bonus</act:name><act:id type="guid">fb2a0cb220a9fc2d5d3ebdacb3a99c99</act:id><act:type>INCOME</act:type><act:commodity><cmdty:space>ISO4217</cmdty:space><cmdty:id>USD</cmdty:id></act:commodity><act:commodity-scu>100</act:commodity-scu><act:description>Bonus</act:description><act:slots><slot><slot:key>placeholder</slot:key><slot:value type="string">false</slot:value></slot><slot><slot:key>favorite</slot:key><slot:value type="string">false</slot:value></slot></act:slots><act:parent type="guid">665c0957f0d8346f41897d3a2ed55e13</act:parent></gnc:account><gnc:account version="2.0.0"><act:name>Gifts Received</act:name><act:id type="guid">6b1e816e943a3368d98a971c99260d12</act:id><act:type>INCOME</act:type><act:commodity><cmdty:space>ISO4217</cmdty:space><cmdty:id>USD</cmdty:id></act:commodity><act:commodity-scu>100</act:commodity-scu><act:description>Gifts Received</act:description><act:slots><slot><slot:key>placeholder</slot:key><slot:value type="string">false</slot:value></slot><slot><slot:key>favorite</slot:key><slot:value type="string">false</slot:value></slot></act:slots><act:parent type="guid">665c0957f0d8346f41897d3a2ed55e13</act:parent></gnc:account><gnc:account version="2.0.0"><act:name>Other Income</act:name><act:id type="guid">81ac6e9db3b114cc91c632edbbfa383b</act:id><act:type>INCOME</act:type><act:commodity><cmdty:space>ISO4217</cmdty:space><cmdty:id>USD</cmdty:id></act:commodity><act:commodity-scu>100</act:commodity-scu><act:description>Other Income</act:description><act:slots><slot><slot:key>placeholder</slot:key><slot:value type="string">false</slot:value></slot><slot><slot:key>favorite</slot:key><slot:value type="string">false</slot:value></slot></act:slots><act:parent type="guid">665c0957f0d8346f41897d3a2ed55e13</act:parent></gnc:account><gnc:account version="2.0.0"><act:name>Salary</act:name><act:id type="guid">b82b69563b7ccd6fbc3b48ab6f698aa2</act:id><act:type>INCOME</act:type><act:commodity><cmdty:space>ISO4217</cmdty:space><cmdty:id>USD</cmdty:id></act:commodity><act:commodity-scu>100</act:commodity-scu><act:description>Salary</act:description><act:slots><slot><slot:key>placeholder</slot:key><slot:value type="string">false</slot:value></slot><slot><slot:key>favorite</slot:key><slot:value type="string">false</slot:value></slot></act:slots><act:parent type="guid">665c0957f0d8346f41897d3a2ed55e13</act:parent></gnc:account><gnc:account version="2.0.0"><act:name>Liabilities</act:name><act:id type="guid">1e9d00b214f3113515e62f19ef0912b9</act:id><act:type>LIABILITY</act:type><act:commodity><cmdty:space>ISO4217</cmdty:space><cmdty:id>USD</cmdty:id></act:commodity><act:commodity-scu>100</act:commodity-scu><act:description>Liabilities</act:description><act:slots><slot><slot:key>placeholder</slot:key><slot:value type="string">true</slot:value></slot><slot><slot:key>favorite</slot:key><slot:value type="string">false</slot:value></slot></act:slots><act:parent type="guid">2db28813e65d1b433b6e99b13fdd3de0</act:parent></gnc:account><gnc:account version="2.0.0"><act:name>Credit Card</act:name><act:id type="guid">e260e2bb613c7aef970e48c4e8ca025d</act:id><act:type>CREDIT</act:type><act:commodity><cmdty:space>ISO4217</cmdty:space><cmdty:id>USD</cmdty:id></act:commodity><act:commodity-scu>100</act:commodity-scu><act:description>Credit Card</act:description><act:slots><slot><slot:key>placeholder</slot:key><slot:value type="string">false</slot:value></slot><slot><slot:key>favorite</slot:key><slot:value type="string">false</slot:value></slot></act:slots><act:parent type="guid">1e9d00b214f3113515e62f19ef0912b9</act:parent></gnc:account><gnc:transaction version="2.0.0"><trn:id type="guid">354080d17d5c1eea1b3ffee0623b5376</trn:id><trn:currency><cmdty:space>ISO4217</cmdty:space><cmdty:id>USD</cmdty:id></trn:currency><trn:date-posted><ts:date>2016-01-01 00:00:00 -0500</ts:date></trn:date-posted><trn:date-entered><ts:date>2016-04-25 19:11:13 -0400</ts:date></trn:date-entered><trn:description>Paycheck 1</trn:description><trn:slots /><trn:splits><trn:split><split:id type="guid">0647c3fb214b1fece5f7bef78d520f0f</split:id><split:reconciled-state>n</split:reconciled-state><split:value>22500/100</split:value><split:quantity>22500/100</split:quantity><split:account type="guid">bb84fed72996a8711d4ebd5ec155da5d</split:account></trn:split><trn:split><split:id type="guid">06c4abfa8963fcdb109b63d7007396ac</split:id><split:reconciled-state>n</split:reconciled-state><split:value>12500/100</split:value><split:quantity>12500/100</split:quantity><split:account type="guid">b80ff1598e7a90622984bc20c13ce89a</split:account></trn:split><trn:split><split:id type="guid">1e9483c05b64fe18d952e63ce97d1de3</split:id><split:reconciled-state>n</split:reconciled-state><split:value>5000/100</split:value><split:quantity>5000/100</split:quantity><split:account type="guid">264713a7280982e1ea668b9ecd65714e</split:account></trn:split><trn:split><split:id type="guid">2ab2713ea7ae7b6b52aa7454b23e04fa</split:id><split:reconciled-state>n</split:reconciled-state><split:value>12000/100</split:value><split:quantity>12000/100</split:quantity><split:account type="guid">1683c72cba14bf14b4ad3607dbc11c3c</split:account></trn:split><trn:split><split:id type="guid">2ad1486c0fb3a2782ce08b5448ef4e1c</split:id><split:reconciled-state>n</split:reconciled-state><split:value>7000/100</split:value><split:quantity>7000/100</split:quantity><split:account type="guid">4eadffdaf29bbab25cb6ec2db4b28a67</split:account></trn:split><trn:split><split:id type="guid">5e4ab5fb96c193929457b37fe9907407</split:id><split:reconciled-state>n</split:reconciled-state><split:value>10000/100</split:value><split:quantity>10000/100</split:quantity><split:account type="guid">827f4b86fbc31c3f39397d85dbb4b295</split:account></trn:split><trn:split><split:id type="guid">7249cdbb3b0cd24f51281e3e3f914075</split:id><split:reconciled-state>n</split:reconciled-state><split:value>15000/100</split:value><split:quantity>15000/100</split:quantity><split:account type="guid">c4ccb1c69aeafdcbee12a82a2c932b27</split:account></trn:split><trn:split><split:id type="guid">832a4d57e7864dccadf7316afd6493de</split:id><split:reconciled-state>n</split:reconciled-state><split:value>-100000/100</split:value><split:quantity>-100000/100</split:quantity><split:account type="guid">b82b69563b7ccd6fbc3b48ab6f698aa2</split:account></trn:split><trn:split><split:id type="guid">b54eb7c14d72a5bd3469c6f90ef04a7a</split:id><split:reconciled-state>n</split:reconciled-state><split:value>6000/100</split:value><split:quantity>6000/100</split:quantity><split:account type="guid">a10096947250a25816b6ba390a3b2ffa</split:account></trn:split><trn:split><split:id type="guid">ffea127720180af10db564c338b03516</split:id><split:reconciled-state>n</split:reconciled-state><split:value>10000/100</split:value><split:quantity>10000/100</split:quantity><split:account type="guid">a30c0a6e05186af474753eb2e245a32a</split:account></trn:split></trn:splits></gnc:transaction><gnc:transaction version="2.0.0"><trn:id type="guid">ea19aada31e011f3b947815e4ea1d077</trn:id><trn:currency><cmdty:space>ISO4217</cmdty:space><cmdty:id>USD</cmdty:id></trn:currency><trn:date-posted><ts:date>2016-01-01 00:00:00 -0500</ts:date></trn:date-posted><trn:date-entered><ts:date>2016-04-25 19:19:11 -0400</ts:date></trn:date-entered><trn:description>Water Bill</trn:description><trn:slots /><trn:splits><trn:split><split:id type="guid">93b41b413f89e805a3c43855eb6a3c04</split:id><split:reconciled-state>n</split:reconciled-state><split:value>-7000/100</split:value><split:quantity>-7000/100</split:quantity><split:account type="guid">4eadffdaf29bbab25cb6ec2db4b28a67</split:account></trn:split><trn:split><split:id type="guid">e65e2b943d4739527366c1f1b448c86a</split:id><split:reconciled-state>n</split:reconciled-state><split:value>7000/100</split:value><split:quantity>7000/100</split:quantity><split:account type="guid">3076f71f3f0de1b30e22966250bafb8c</split:account></trn:split></trn:splits></gnc:transaction><gnc:transaction version="2.0.0"><trn:id type="guid">f4ecf1862713adcab8417176819c8bb0</trn:id><trn:currency><cmdty:space>ISO4217</cmdty:space><cmdty:id>USD</cmdty:id></trn:currency><trn:date-posted><ts:date>2016-01-01 00:00:00 -0500</ts:date></trn:date-posted><trn:date-entered><ts:date>2016-04-25 19:26:10 -0400</ts:date></trn:date-entered><trn:description>Rent</trn:description><trn:slots /><trn:splits><trn:split><split:id type="guid">3b5dbc84afcb942383a8a6149a6fc7a0</split:id><split:reconciled-state>n</split:reconciled-state><split:value>-80000/100</split:value><split:quantity>-80000/100</split:quantity><split:account type="guid">2b182d25ed30059457cbf1ea12c67862</split:account></trn:split><trn:split><split:id type="guid">ee96f3fcbb372f1f8a8b021dd64282c2</split:id><split:reconciled-state>n</split:reconciled-state><split:value>80000/100</split:value><split:quantity>80000/100</split:quantity><split:account type="guid">a8d3f6cfa5f9b372fb2a2b9ca137b9f4</split:account></trn:split></trn:splits></gnc:transaction><gnc:transaction version="2.0.0"><trn:id type="guid">3a9ed0f635c5b913decf0a5c01234e85</trn:id><trn:currency><cmdty:space>ISO4217</cmdty:space><cmdty:id>USD</cmdty:id></trn:currency><trn:date-posted><ts:date>2016-01-02 00:00:00 -0500</ts:date></trn:date-posted><trn:date-entered><ts:date>2016-04-25 19:31:41 -0400</ts:date></trn:date-entered><trn:description>Bobs Veggie Burgers</trn:description><trn:slots /><trn:splits><trn:split><split:id type="guid">369c9fcc5f8defb601db3f47d047a870</split:id><split:reconciled-state>n</split:reconciled-state><split:value>-1500/100</split:value><split:quantity>-1500/100</split:quantity><split:account type="guid">827f4b86fbc31c3f39397d85dbb4b295</split:account></trn:split><trn:split><split:id type="guid">e5f308f04a3cea9795342c7f8c7b31b5</split:id><split:reconciled-state>n</split:reconciled-state><split:value>1500/100</split:value><split:quantity>1500/100</split:quantity><split:account type="guid">fba300ee814d7b0a42436d4dd0230d72</split:account></trn:split></trn:splits></gnc:transaction><gnc:transaction version="2.0.0"><trn:id type="guid">4dc7f8598b9a703c176908d08f54fb0a</trn:id><trn:currency><cmdty:space>ISO4217</cmdty:space><cmdty:id>USD</cmdty:id></trn:currency><trn:date-posted><ts:date>2016-01-02 00:00:00 -0500</ts:date></trn:date-posted><trn:date-entered><ts:date>2016-04-25 19:20:37 -0400</ts:date></trn:date-entered><trn:description>Groceries</trn:description><trn:slots /><trn:splits><trn:split><split:id type="guid">29b1e40db362b075c70c6f36aa1e9bee</split:id><split:reconciled-state>n</split:reconciled-state><split:value>11000/100</split:value><split:quantity>11000/100</split:quantity><split:account type="guid">60b7bfe0b4b00b2e3706aa937c440464</split:account></trn:split><trn:split><split:id type="guid">60ac24f8406db0347d47272879f9be44</split:id><split:reconciled-state>n</split:reconciled-state><split:value>-11000/100</split:value><split:quantity>-11000/100</split:quantity><split:account type="guid">1683c72cba14bf14b4ad3607dbc11c3c</split:account></trn:split></trn:splits></gnc:transaction><gnc:transaction version="2.0.0"><trn:id type="guid">9941ea4061539b1a8c60caad4b72981e</trn:id><trn:currency><cmdty:space>ISO4217</cmdty:space><cmdty:id>USD</cmdty:id></trn:currency><trn:date-posted><ts:date>2016-01-02 00:00:00 -0500</ts:date></trn:date-posted><trn:date-entered><ts:date>2016-04-25 19:15:40 -0400</ts:date></trn:date-entered><trn:description>Fill-Up</trn:description><trn:slots /><trn:splits><trn:split><split:id type="guid">4bdcda983a28473369acea6c637190f7</split:id><split:reconciled-state>n</split:reconciled-state><split:value>2525/100</split:value><split:quantity>2525/100</split:quantity><split:account type="guid">0f924489d3a7108f54b3222710793aa2</split:account></trn:split><trn:split><split:id type="guid">70773c370bb5a78c97b721ab736c603b</split:id><split:reconciled-state>n</split:reconciled-state><split:value>-2525/100</split:value><split:quantity>-2525/100</split:quantity><split:account type="guid">c4ccb1c69aeafdcbee12a82a2c932b27</split:account></trn:split></trn:splits></gnc:transaction><gnc:transaction version="2.0.0"><trn:id type="guid">eb77e5d9ac5bcd9d79a2732956395d8e</trn:id><trn:currency><cmdty:space>ISO4217</cmdty:space><cmdty:id>USD</cmdty:id></trn:currency><trn:date-posted><ts:date>2016-01-07 00:00:00 -0500</ts:date></trn:date-posted><trn:date-entered><ts:date>2016-04-25 19:27:03 -0400</ts:date></trn:date-entered><trn:description>Electric Bill</trn:description><trn:slots /><trn:splits><trn:split><split:id type="guid">968b21ee58b0e38bedf3ff26b2e10bf6</split:id><split:reconciled-state>n</split:reconciled-state><split:value>-5000/100</split:value><split:quantity>-5000/100</split:quantity><split:account type="guid">264713a7280982e1ea668b9ecd65714e</split:account></trn:split><trn:split><split:id type="guid">bf5df504546e58bbc1cde4241196a62b</split:id><split:reconciled-state>n</split:reconciled-state><split:value>5000/100</split:value><split:quantity>5000/100</split:quantity><split:account type="guid">ba0043318cb57e42a11b5968bc3bc0f8</split:account></trn:split></trn:splits></gnc:transaction><gnc:transaction version="2.0.0"><trn:id type="guid">8591da0251ca6348af78828172c9af15</trn:id><trn:currency><cmdty:space>ISO4217</cmdty:space><cmdty:id>USD</cmdty:id></trn:currency><trn:date-posted><ts:date>2016-01-10 00:00:00 -0500</ts:date></trn:date-posted><trn:date-entered><ts:date>2016-04-25 19:32:01 -0400</ts:date></trn:date-entered><trn:description>Chipotle</trn:description><trn:slots /><trn:splits><trn:split><split:id type="guid">5a254bcc36d923c0580a08bdc579177c</split:id><split:reconciled-state>n</split:reconciled-state><split:value>2000/100</split:value><split:quantity>2000/100</split:quantity><split:account type="guid">fba300ee814d7b0a42436d4dd0230d72</split:account></trn:split><trn:split><split:id type="guid">cbef1627a55e82165e734b1a80218e1e</split:id><split:reconciled-state>n</split:reconciled-state><split:value>-2000/100</split:value><split:quantity>-2000/100</split:quantity><split:account type="guid">827f4b86fbc31c3f39397d85dbb4b295</split:account></trn:split></trn:splits></gnc:transaction><gnc:transaction version="2.0.0"><trn:id type="guid">786479ac2e905ae1842a7f5f9bd79b35</trn:id><trn:currency><cmdty:space>ISO4217</cmdty:space><cmdty:id>USD</cmdty:id></trn:currency><trn:date-posted><ts:date>2016-01-11 00:00:00 -0500</ts:date></trn:date-posted><trn:date-entered><ts:date>2016-04-25 19:15:53 -0400</ts:date></trn:date-entered><trn:description>Fill-Up</trn:description><trn:slots /><trn:splits><trn:split><split:id type="guid">adb7e5338c4ed5178b27a5e92baaf768</split:id><split:reconciled-state>n</split:reconciled-state><split:value>-2723/100</split:value><split:quantity>-2723/100</split:quantity><split:account type="guid">c4ccb1c69aeafdcbee12a82a2c932b27</split:account></trn:split><trn:split><split:id type="guid">f2023c9d0c5f571b0da0cee9bf709845</split:id><split:reconciled-state>n</split:reconciled-state><split:value>2723/100</split:value><split:quantity>2723/100</split:quantity><split:account type="guid">0f924489d3a7108f54b3222710793aa2</split:account></trn:split></trn:splits></gnc:transaction><gnc:transaction version="2.0.0"><trn:id type="guid">2e2d006dd1c28fa6c2ccd726e16bc6cf</trn:id><trn:currency><cmdty:space>ISO4217</cmdty:space><cmdty:id>USD</cmdty:id></trn:currency><trn:date-posted><ts:date>2016-01-12 00:00:00 -0500</ts:date></trn:date-posted><trn:date-entered><ts:date>2016-04-25 19:14:09 -0400</ts:date></trn:date-entered><trn:description>Student Loans</trn:description><trn:slots /><trn:splits><trn:split><split:id type="guid">a7de954f5a35197fc20d06a50f4d2175</split:id><split:reconciled-state>n</split:reconciled-state><split:value>-12000/100</split:value><split:quantity>-12000/100</split:quantity><split:account type="guid">b80ff1598e7a90622984bc20c13ce89a</split:account></trn:split><trn:split><split:id type="guid">eba0ec289eda2c3e38f3d51fbe42baea</split:id><split:reconciled-state>n</split:reconciled-state><split:value>12000/100</split:value><split:quantity>12000/100</split:quantity><split:account type="guid">cef52fcc12b7967356179168eb06c2da</split:account></trn:split></trn:splits></gnc:transaction><gnc:transaction version="2.0.0"><trn:id type="guid">9db84fc454253c1fe6c2475383568f1b</trn:id><trn:currency><cmdty:space>ISO4217</cmdty:space><cmdty:id>USD</cmdty:id></trn:currency><trn:date-posted><ts:date>2016-01-15 00:00:00 -0500</ts:date></trn:date-posted><trn:date-entered><ts:date>2016-04-25 19:11:23 -0400</ts:date></trn:date-entered><trn:description>Paycheck 2</trn:description><trn:slots /><trn:splits><trn:split><split:id type="guid">23577bf03b4f9dfadcf608ca674f2d09</split:id><split:reconciled-state>n</split:reconciled-state><split:value>-110000/100</split:value><split:quantity>-110000/100</split:quantity><split:account type="guid">b82b69563b7ccd6fbc3b48ab6f698aa2</split:account></trn:split><trn:split><split:id type="guid">35af011225c6edc0e4bfe910c4e6c7ac</split:id><split:reconciled-state>n</split:reconciled-state><split:value>80000/100</split:value><split:quantity>80000/100</split:quantity><split:account type="guid">2b182d25ed30059457cbf1ea12c67862</split:account></trn:split><trn:split><split:id type="guid">35eb40ab717aecbb7044a1e067bb1c6b</split:id><split:reconciled-state>n</split:reconciled-state><split:value>10000/100</split:value><split:quantity>10000/100</split:quantity><split:account type="guid">42e3c519f8260dcbf6f25b7ea4fa495c</split:account></trn:split><trn:split><split:id type="guid">4a5c85cbb2fd4e9a08bca819c7e310e0</split:id><split:reconciled-state>n</split:reconciled-state><split:value>10000/100</split:value><split:quantity>10000/100</split:quantity><split:account type="guid">d3a5a96596d81f6a0cf2ca2cd42d410a</split:account></trn:split><trn:split><split:id type="guid">83b13c7097e3caafea50c7953d85d33e</split:id><split:reconciled-state>n</split:reconciled-state><split:value>10000/100</split:value><split:quantity>10000/100</split:quantity><split:account type="guid">1683c72cba14bf14b4ad3607dbc11c3c</split:account></trn:split></trn:splits></gnc:transaction><gnc:transaction version="2.0.0"><trn:id type="guid">f3e8af60054aebb93dceed82af74430b</trn:id><trn:currency><cmdty:space>ISO4217</cmdty:space><cmdty:id>USD</cmdty:id></trn:currency><trn:date-posted><ts:date>2016-01-15 00:00:00 -0500</ts:date></trn:date-posted><trn:date-entered><ts:date>2016-04-25 19:25:01 -0400</ts:date></trn:date-entered><trn:description>Phone Bill</trn:description><trn:slots /><trn:splits><trn:split><split:id type="guid">b3db04622dd69e1d7f6ac2d2df40ddcf</split:id><split:reconciled-state>n</split:reconciled-state><split:value>-10000/100</split:value><split:quantity>-10000/100</split:quantity><split:account type="guid">a30c0a6e05186af474753eb2e245a32a</split:account></trn:split><trn:split><split:id type="guid">ed166c3f5d29ee9e46828db047542177</split:id><split:reconciled-state>n</split:reconciled-state><split:value>10000/100</split:value><split:quantity>10000/100</split:quantity><split:account type="guid">48595eccd17e0b9c3c37de362a8c6c87</split:account></trn:split></trn:splits></gnc:transaction><gnc:transaction version="2.0.0"><trn:id type="guid">82b3cdd6f227f6dce66c53869b93226f</trn:id><trn:currency><cmdty:space>ISO4217</cmdty:space><cmdty:id>USD</cmdty:id></trn:currency><trn:date-posted><ts:date>2016-01-16 00:00:00 -0500</ts:date></trn:date-posted><trn:date-entered><ts:date>2016-04-25 19:20:47 -0400</ts:date></trn:date-entered><trn:description>Groceries</trn:description><trn:slots /><trn:splits><trn:split><split:id type="guid">754c794eef8db07239574d0f7600cd4c</split:id><split:reconciled-state>n</split:reconciled-state><split:value>12000/100</split:value><split:quantity>12000/100</split:quantity><split:account type="guid">60b7bfe0b4b00b2e3706aa937c440464</split:account></trn:split><trn:split><split:id type="guid">c982a5c286f56bf3c1362769db5a136e</split:id><split:reconciled-state>n</split:reconciled-state><split:value>-12000/100</split:value><split:quantity>-12000/100</split:quantity><split:account type="guid">1683c72cba14bf14b4ad3607dbc11c3c</split:account></trn:split></trn:splits></gnc:transaction><gnc:transaction version="2.0.0"><trn:id type="guid">33766a582b718c4583ea90b4c74c3720</trn:id><trn:currency><cmdty:space>ISO4217</cmdty:space><cmdty:id>USD</cmdty:id></trn:currency><trn:date-posted><ts:date>2016-01-17 00:00:00 -0500</ts:date></trn:date-posted><trn:date-entered><ts:date>2016-04-25 19:16:09 -0400</ts:date></trn:date-entered><trn:description>Fill-Up</trn:description><trn:slots /><trn:splits><trn:split><split:id type="guid">6cdd4bf8154d94a0c889bc4256bbe981</split:id><split:reconciled-state>n</split:reconciled-state><split:value>-2400/100</split:value><split:quantity>-2400/100</split:quantity><split:account type="guid">c4ccb1c69aeafdcbee12a82a2c932b27</split:account></trn:split><trn:split><split:id type="guid">90e243cde6d121e969f546842654f3e2</split:id><split:reconciled-state>n</split:reconciled-state><split:value>2400/100</split:value><split:quantity>2400/100</split:quantity><split:account type="guid">0f924489d3a7108f54b3222710793aa2</split:account></trn:split></trn:splits></gnc:transaction><gnc:transaction version="2.0.0"><trn:id type="guid">721590dfb608beea17cb5a29a59760c2</trn:id><trn:currency><cmdty:space>ISO4217</cmdty:space><cmdty:id>USD</cmdty:id></trn:currency><trn:date-posted><ts:date>2016-01-23 00:00:00 -0500</ts:date></trn:date-posted><trn:date-entered><ts:date>2016-04-25 19:32:37 -0400</ts:date></trn:date-entered><trn:description>Veggy McVeggerson</trn:description><trn:slots /><trn:splits><trn:split><split:id type="guid">6fa13e2060722d454828c97145e5715c</split:id><split:reconciled-state>n</split:reconciled-state><split:value>1800/100</split:value><split:quantity>1800/100</split:quantity><split:account type="guid">fba300ee814d7b0a42436d4dd0230d72</split:account></trn:split><trn:split><split:id type="guid">99d215ba8faf78938bda8876ceebff12</split:id><split:reconciled-state>n</split:reconciled-state><split:value>-1800/100</split:value><split:quantity>-1800/100</split:quantity><split:account type="guid">827f4b86fbc31c3f39397d85dbb4b295</split:account></trn:split></trn:splits></gnc:transaction><gnc:transaction version="2.0.0"><trn:id type="guid">a1a871cb54ccd9f9d54c1fdc6b1aa917</trn:id><trn:currency><cmdty:space>ISO4217</cmdty:space><cmdty:id>USD</cmdty:id></trn:currency><trn:date-posted><ts:date>2016-01-25 00:00:00 -0500</ts:date></trn:date-posted><trn:date-entered><ts:date>2016-04-25 19:28:50 -0400</ts:date></trn:date-entered><trn:description>Car Payment</trn:description><trn:slots /><trn:splits><trn:split><split:id type="guid">0705730c65c0dfdfdbcfb34792f88a80</split:id><split:reconciled-state>n</split:reconciled-state><split:value>-22500/100</split:value><split:quantity>-22500/100</split:quantity><split:account type="guid">bb84fed72996a8711d4ebd5ec155da5d</split:account></trn:split><trn:split><split:id type="guid">4c18f9ebf4584da958d24bfba52bae7e</split:id><split:reconciled-state>n</split:reconciled-state><split:value>22500/100</split:value><split:quantity>22500/100</split:quantity><split:account type="guid">144d1b9348ddbeafb88f72b56a9b3935</split:account></trn:split></trn:splits></gnc:transaction><gnc:transaction version="2.0.0"><trn:id type="guid">f11e9c3cffc592cffc8dac2f284c9808</trn:id><trn:currency><cmdty:space>ISO4217</cmdty:space><cmdty:id>USD</cmdty:id></trn:currency><trn:date-posted><ts:date>2016-01-25 00:00:00 -0500</ts:date></trn:date-posted><trn:date-entered><ts:date>2016-04-25 19:30:19 -0400</ts:date></trn:date-entered><trn:description>Internet Bill</trn:description><trn:slots /><trn:splits><trn:split><split:id type="guid">36b010a08e0cfec63b71f94d967d6d57</split:id><split:reconciled-state>n</split:reconciled-state><split:value>6000/100</split:value><split:quantity>6000/100</split:quantity><split:account type="guid">7abeb1b0d77a3fdb42fcf6cc94d8024f</split:account></trn:split><trn:split><split:id type="guid">cdfa75cca19c59b0ddcef0373645727c</split:id><split:reconciled-state>n</split:reconciled-state><split:value>-6000/100</split:value><split:quantity>-6000/100</split:quantity><split:account type="guid">a10096947250a25816b6ba390a3b2ffa</split:account></trn:split></trn:splits></gnc:transaction><gnc:transaction version="2.0.0"><trn:id type="guid">2821c16306d03e019a364cd6d3fe0da8</trn:id><trn:currency><cmdty:space>ISO4217</cmdty:space><cmdty:id>USD</cmdty:id></trn:currency><trn:date-posted><ts:date>2016-01-26 00:00:00 -0500</ts:date></trn:date-posted><trn:date-entered><ts:date>2016-04-25 19:16:23 -0400</ts:date></trn:date-entered><trn:description>Fill-Up</trn:description><trn:slots /><trn:splits><trn:split><split:id type="guid">015da8222b9a40943caa5efeb3a328c8</split:id><split:reconciled-state>n</split:reconciled-state><split:value>-2800/100</split:value><split:quantity>-2800/100</split:quantity><split:account type="guid">c4ccb1c69aeafdcbee12a82a2c932b27</split:account></trn:split><trn:split><split:id type="guid">21228b6cba790c1df099c9f7a76033ab</split:id><split:reconciled-state>n</split:reconciled-state><split:value>2800/100</split:value><split:quantity>2800/100</split:quantity><split:account type="guid">0f924489d3a7108f54b3222710793aa2</split:account></trn:split></trn:splits></gnc:transaction><gnc:transaction version="2.0.0"><trn:id type="guid">1bb03cd298fa3836134e23b294d02f52</trn:id><trn:currency><cmdty:space>ISO4217</cmdty:space><cmdty:id>USD</cmdty:id></trn:currency><trn:date-posted><ts:date>2016-01-30 00:00:00 -0500</ts:date></trn:date-posted><trn:date-entered><ts:date>2016-04-25 19:33:22 -0400</ts:date></trn:date-entered><trn:description>Hippie Harry's</trn:description><trn:slots /><trn:splits><trn:split><split:id type="guid">04f462afd6ee0ddaf1cbe1008f2f478e</split:id><split:reconciled-state>n</split:reconciled-state><split:value>-2500/100</split:value><split:quantity>-2500/100</split:quantity><split:account type="guid">827f4b86fbc31c3f39397d85dbb4b295</split:account></trn:split><trn:split><split:id type="guid">5c4cf74406d05a39cb176fb2716927a4</split:id><split:reconciled-state>n</split:reconciled-state><split:value>2500/100</split:value><split:quantity>2500/100</split:quantity><split:account type="guid">fba300ee814d7b0a42436d4dd0230d72</split:account></trn:split></trn:splits></gnc:transaction><gnc:transaction version="2.0.0"><trn:id type="guid">b20c1d6ed92ccb36615566e7e6909d00</trn:id><trn:currency><cmdty:space>ISO4217</cmdty:space><cmdty:id>USD</cmdty:id></trn:currency><trn:date-posted><ts:date>2016-01-30 00:00:00 -0500</ts:date></trn:date-posted><trn:date-entered><ts:date>2016-04-25 19:34:14 -0400</ts:date></trn:date-entered><trn:description>Healthy Dan's</trn:description><trn:slots /><trn:splits><trn:split><split:id type="guid">e529c9bfeef14f61e518272a94398179</split:id><split:reconciled-state>n</split:reconciled-state><split:value>2000/100</split:value><split:quantity>2000/100</split:quantity><split:account type="guid">fba300ee814d7b0a42436d4dd0230d72</split:account></trn:split><trn:split><split:id type="guid">ecb45fa0415b3c3cffc997ffef352fb7</split:id><split:reconciled-state>n</split:reconciled-state><split:value>-2000/100</split:value><split:quantity>-2000/100</split:quantity><split:account type="guid">827f4b86fbc31c3f39397d85dbb4b295</split:account></trn:split></trn:splits></gnc:transaction><gnc:transaction version="2.0.0"><trn:id type="guid">c1654f4efaa0e580a50347351a42a36b</trn:id><trn:currency><cmdty:space>ISO4217</cmdty:space><cmdty:id>USD</cmdty:id></trn:currency><trn:date-posted><ts:date>2016-01-30 00:00:00 -0500</ts:date></trn:date-posted><trn:date-entered><ts:date>2016-04-25 19:21:18 -0400</ts:date></trn:date-entered><trn:description>Groceries</trn:description><trn:slots /><trn:splits><trn:split><split:id type="guid">4cfb6bdf4a0ef2c7a82af681487cefb3</split:id><split:reconciled-state>n</split:reconciled-state><split:value>12000/100</split:value><split:quantity>12000/100</split:quantity><split:account type="guid">60b7bfe0b4b00b2e3706aa937c440464</split:account></trn:split><trn:split><split:id type="guid">f2a02e3deb2d75c1cb46b722c12edf97</split:id><split:reconciled-state>n</split:reconciled-state><split:value>-12000/100</split:value><split:quantity>-12000/100</split:quantity><split:account type="guid">1683c72cba14bf14b4ad3607dbc11c3c</split:account></trn:split></trn:splits></gnc:transaction><gnc:transaction version="2.0.0"><trn:id type="guid">79cb21558000a3e62c5e339952cd998a</trn:id><trn:currency><cmdty:space>ISO4217</cmdty:space><cmdty:id>USD</cmdty:id></trn:currency><trn:date-posted><ts:date>2016-02-01 00:00:00 -0500</ts:date></trn:date-posted><trn:date-entered><ts:date>2016-04-25 19:19:30 -0400</ts:date></trn:date-entered><trn:description>Water Bill</trn:description><trn:slots /><trn:splits><trn:split><split:id type="guid">b305c1018960a7595bb8e4fb232e758f</split:id><split:reconciled-state>n</split:reconciled-state><split:value>-7000/100</split:value><split:quantity>-7000/100</split:quantity><split:account type="guid">4eadffdaf29bbab25cb6ec2db4b28a67</split:account></trn:split><trn:split><split:id type="guid">b41c9eef38f36fc2345a27090677ec3a</split:id><split:reconciled-state>n</split:reconciled-state><split:value>7000/100</split:value><split:quantity>7000/100</split:quantity><split:account type="guid">3076f71f3f0de1b30e22966250bafb8c</split:account></trn:split></trn:splits></gnc:transaction><gnc:transaction version="2.0.0"><trn:id type="guid">7d166b8806b450faa2c5eae79a7e3ce9</trn:id><trn:currency><cmdty:space>ISO4217</cmdty:space><cmdty:id>USD</cmdty:id></trn:currency><trn:date-posted><ts:date>2016-02-01 00:00:00 -0500</ts:date></trn:date-posted><trn:date-entered><ts:date>2016-04-25 19:26:15 -0400</ts:date></trn:date-entered><trn:description>Rent</trn:description><trn:slots /><trn:splits><trn:split><split:id type="guid">3f8c9f52dc9040e27338e4f7cc994e1e</split:id><split:reconciled-state>n</split:reconciled-state><split:value>-80000/100</split:value><split:quantity>-80000/100</split:quantity><split:account type="guid">2b182d25ed30059457cbf1ea12c67862</split:account></trn:split><trn:split><split:id type="guid">c0470d25707c97f5839226b774f01779</split:id><split:reconciled-state>n</split:reconciled-state><split:value>80000/100</split:value><split:quantity>80000/100</split:quantity><split:account type="guid">a8d3f6cfa5f9b372fb2a2b9ca137b9f4</split:account></trn:split></trn:splits></gnc:transaction><gnc:transaction version="2.0.0"><trn:id type="guid">9072b530b2c2b4eeb1cbeed7224cb6aa</trn:id><trn:currency><cmdty:space>ISO4217</cmdty:space><cmdty:id>USD</cmdty:id></trn:currency><trn:date-posted><ts:date>2016-02-02 00:00:00 -0500</ts:date></trn:date-posted><trn:date-entered><ts:date>2016-04-25 19:16:33 -0400</ts:date></trn:date-entered><trn:description>Fill-Up</trn:description><trn:slots /><trn:splits><trn:split><split:id type="guid">9546ef21d2849049428f12cf7237f79e</split:id><split:reconciled-state>n</split:reconciled-state><split:value>-2400/100</split:value><split:quantity>-2400/100</split:quantity><split:account type="guid">c4ccb1c69aeafdcbee12a82a2c932b27</split:account></trn:split><trn:split><split:id type="guid">c04103066cd0aa4063d3ef871134e0a8</split:id><split:reconciled-state>n</split:reconciled-state><split:value>2400/100</split:value><split:quantity>2400/100</split:quantity><split:account type="guid">0f924489d3a7108f54b3222710793aa2</split:account></trn:split></trn:splits></gnc:transaction><gnc:transaction version="2.0.0"><trn:id type="guid">5e2675c4f9401fa8e1591c8cf180e116</trn:id><trn:currency><cmdty:space>ISO4217</cmdty:space><cmdty:id>USD</cmdty:id></trn:currency><trn:date-posted><ts:date>2016-02-05 00:00:00 -0500</ts:date></trn:date-posted><trn:date-entered><ts:date>2016-04-25 19:34:49 -0400</ts:date></trn:date-entered><trn:description>Drinks Food and Stuff</trn:description><trn:slots /><trn:splits><trn:split><split:id type="guid">a19517a6a1298cde7d642829275abd04</split:id><split:reconciled-state>n</split:reconciled-state><split:value>3500/100</split:value><split:quantity>3500/100</split:quantity><split:account type="guid">fba300ee814d7b0a42436d4dd0230d72</split:account></trn:split><trn:split><split:id type="guid">d7c0cab8bf39a966e040ed370075f16a</split:id><split:reconciled-state>n</split:reconciled-state><split:value>-3500/100</split:value><split:quantity>-3500/100</split:quantity><split:account type="guid">827f4b86fbc31c3f39397d85dbb4b295</split:account></trn:split></trn:splits></gnc:transaction><gnc:transaction version="2.0.0"><trn:id type="guid">b1e99d26c989b433aa75fe288758c5b1</trn:id><trn:currency><cmdty:space>ISO4217</cmdty:space><cmdty:id>USD</cmdty:id></trn:currency><trn:date-posted><ts:date>2016-02-05 00:00:00 -0500</ts:date></trn:date-posted><trn:date-entered><ts:date>2016-04-25 19:10:56 -0400</ts:date></trn:date-entered><trn:description>Paycheck 1</trn:description><trn:slots /><trn:splits><trn:split><split:id type="guid">23baffec275086dee36c67be04e1e4ec</split:id><split:reconciled-state>n</split:reconciled-state><split:value>10000/100</split:value><split:quantity>10000/100</split:quantity><split:account type="guid">a30c0a6e05186af474753eb2e245a32a</split:account></trn:split><trn:split><split:id type="guid">393e40ba1feba4018c30e03969c4a663</split:id><split:reconciled-state>n</split:reconciled-state><split:value>7000/100</split:value><split:quantity>7000/100</split:quantity><split:account type="guid">4eadffdaf29bbab25cb6ec2db4b28a67</split:account></trn:split><trn:split><split:id type="guid">41385a6708ee8f9c840bb64c9cb1efc3</split:id><split:reconciled-state>n</split:reconciled-state><split:value>5000/100</split:value><split:quantity>5000/100</split:quantity><split:account type="guid">264713a7280982e1ea668b9ecd65714e</split:account></trn:split><trn:split><split:id type="guid">65a9917da768eab2b0aa83cfeb29d0cc</split:id><split:reconciled-state>n</split:reconciled-state><split:value>12500/100</split:value><split:quantity>12500/100</split:quantity><split:account type="guid">b80ff1598e7a90622984bc20c13ce89a</split:account></trn:split><trn:split><split:id type="guid">66607e2de54d639ffa393c4f18916343</split:id><split:reconciled-state>n</split:reconciled-state><split:value>15000/100</split:value><split:quantity>15000/100</split:quantity><split:account type="guid">c4ccb1c69aeafdcbee12a82a2c932b27</split:account></trn:split><trn:split><split:id type="guid">7a491869976aa5da652a18e4bbf35e6f</split:id><split:reconciled-state>n</split:reconciled-state><split:value>6000/100</split:value><split:quantity>6000/100</split:quantity><split:account type="guid">a10096947250a25816b6ba390a3b2ffa</split:account></trn:split><trn:split><split:id type="guid">b8e460bbf5cccb787c2a132b67b0c11e</split:id><split:reconciled-state>n</split:reconciled-state><split:value>12000/100</split:value><split:quantity>12000/100</split:quantity><split:account type="guid">1683c72cba14bf14b4ad3607dbc11c3c</split:account></trn:split><trn:split><split:id type="guid">bc8d098b729980a5ea81de92c8371ec1</split:id><split:reconciled-state>n</split:reconciled-state><split:value>22500/100</split:value><split:quantity>22500/100</split:quantity><split:account type="guid">bb84fed72996a8711d4ebd5ec155da5d</split:account></trn:split><trn:split><split:id type="guid">cc6d1b3ffdb6c5fd0e9725edec977595</split:id><split:reconciled-state>n</split:reconciled-state><split:value>10000/100</split:value><split:quantity>10000/100</split:quantity><split:account type="guid">827f4b86fbc31c3f39397d85dbb4b295</split:account></trn:split><trn:split><split:id type="guid">d848e4743debc5909757bdea17243340</split:id><split:reconciled-state>n</split:reconciled-state><split:value>-100000/100</split:value><split:quantity>-100000/100</split:quantity><split:account type="guid">b82b69563b7ccd6fbc3b48ab6f698aa2</split:account></trn:split></trn:splits></gnc:transaction><gnc:transaction version="2.0.0"><trn:id type="guid">5ad6eba693062627513634842d49e6ec</trn:id><trn:currency><cmdty:space>ISO4217</cmdty:space><cmdty:id>USD</cmdty:id></trn:currency><trn:date-posted><ts:date>2016-02-07 00:00:00 -0500</ts:date></trn:date-posted><trn:date-entered><ts:date>2016-04-25 19:27:07 -0400</ts:date></trn:date-entered><trn:description>Electric Bill</trn:description><trn:slots /><trn:splits><trn:split><split:id type="guid">49d9cc9abb4d543f62a84eb9378bd3d7</split:id><split:reconciled-state>n</split:reconciled-state><split:value>5000/100</split:value><split:quantity>5000/100</split:quantity><split:account type="guid">ba0043318cb57e42a11b5968bc3bc0f8</split:account></trn:split><trn:split><split:id type="guid">f1026e110ca4d21126a6a1269a467e19</split:id><split:reconciled-state>n</split:reconciled-state><split:value>-5000/100</split:value><split:quantity>-5000/100</split:quantity><split:account type="guid">264713a7280982e1ea668b9ecd65714e</split:account></trn:split></trn:splits></gnc:transaction><gnc:transaction version="2.0.0"><trn:id type="guid">6dc09b929d61c9f131f3797a35714650</trn:id><trn:currency><cmdty:space>ISO4217</cmdty:space><cmdty:id>USD</cmdty:id></trn:currency><trn:date-posted><ts:date>2016-02-09 00:00:00 -0500</ts:date></trn:date-posted><trn:date-entered><ts:date>2016-04-25 19:16:41 -0400</ts:date></trn:date-entered><trn:description>Fill-Up</trn:description><trn:slots /><trn:splits><trn:split><split:id type="guid">30b062f83f7b24512698d3e10633447c</split:id><split:reconciled-state>n</split:reconciled-state><split:value>2525/100</split:value><split:quantity>2525/100</split:quantity><split:account type="guid">0f924489d3a7108f54b3222710793aa2</split:account></trn:split><trn:split><split:id type="guid">a5acd8f4b9f204a196cbb4fd85c423f0</split:id><split:reconciled-state>n</split:reconciled-state><split:value>-2525/100</split:value><split:quantity>-2525/100</split:quantity><split:account type="guid">c4ccb1c69aeafdcbee12a82a2c932b27</split:account></trn:split></trn:splits></gnc:transaction><gnc:transaction version="2.0.0"><trn:id type="guid">c62cc7cbbab272374614cd23bab08bdb</trn:id><trn:currency><cmdty:space>ISO4217</cmdty:space><cmdty:id>USD</cmdty:id></trn:currency><trn:date-posted><ts:date>2016-02-12 00:00:00 -0500</ts:date></trn:date-posted><trn:date-entered><ts:date>2016-04-25 19:14:15 -0400</ts:date></trn:date-entered><trn:description>Student Loans</trn:description><trn:slots /><trn:splits><trn:split><split:id type="guid">4ca47a225cbba5ce09a0afa6303067cd</split:id><split:reconciled-state>n</split:reconciled-state><split:value>-12000/100</split:value><split:quantity>-12000/100</split:quantity><split:account type="guid">b80ff1598e7a90622984bc20c13ce89a</split:account></trn:split><trn:split><split:id type="guid">a31eba571a504d8a352253af15d08242</split:id><split:reconciled-state>n</split:reconciled-state><split:value>12000/100</split:value><split:quantity>12000/100</split:quantity><split:account type="guid">cef52fcc12b7967356179168eb06c2da</split:account></trn:split></trn:splits></gnc:transaction><gnc:transaction version="2.0.0"><trn:id type="guid">5947476e85422d8f6fad0fc5efa65546</trn:id><trn:currency><cmdty:space>ISO4217</cmdty:space><cmdty:id>USD</cmdty:id></trn:currency><trn:date-posted><ts:date>2016-02-13 00:00:00 -0500</ts:date></trn:date-posted><trn:date-entered><ts:date>2016-04-25 19:21:29 -0400</ts:date></trn:date-entered><trn:description>Groceries</trn:description><trn:slots /><trn:splits><trn:split><split:id type="guid">6253f64078ff7b45b76b5c5c7cbaeca5</split:id><split:reconciled-state>n</split:reconciled-state><split:value>11000/100</split:value><split:quantity>11000/100</split:quantity><split:account type="guid">60b7bfe0b4b00b2e3706aa937c440464</split:account></trn:split><trn:split><split:id type="guid">b834e5afe3dfc5cf0ceaa6baeff08f9f</split:id><split:reconciled-state>n</split:reconciled-state><split:value>-11000/100</split:value><split:quantity>-11000/100</split:quantity><split:account type="guid">1683c72cba14bf14b4ad3607dbc11c3c</split:account></trn:split></trn:splits></gnc:transaction><gnc:transaction version="2.0.0"><trn:id type="guid">ebe4853dabaec74d534d67d2f9fef6e3</trn:id><trn:currency><cmdty:space>ISO4217</cmdty:space><cmdty:id>USD</cmdty:id></trn:currency><trn:date-posted><ts:date>2016-02-14 00:00:00 -0500</ts:date></trn:date-posted><trn:date-entered><ts:date>2016-04-25 19:35:02 -0400</ts:date></trn:date-entered><trn:description>Chipotle</trn:description><trn:slots /><trn:splits><trn:split><split:id type="guid">2063f5ad5662af448750021fd01bf177</split:id><split:reconciled-state>n</split:reconciled-state><split:value>2000/100</split:value><split:quantity>2000/100</split:quantity><split:account type="guid">fba300ee814d7b0a42436d4dd0230d72</split:account></trn:split><trn:split><split:id type="guid">d637fa10ad3974332718662152872ea4</split:id><split:reconciled-state>n</split:reconciled-state><split:value>-2000/100</split:value><split:quantity>-2000/100</split:quantity><split:account type="guid">827f4b86fbc31c3f39397d85dbb4b295</split:account></trn:split></trn:splits></gnc:transaction><gnc:transaction version="2.0.0"><trn:id type="guid">608ebe0b26dea23833ab1a0ced12fab5</trn:id><trn:currency><cmdty:space>ISO4217</cmdty:space><cmdty:id>USD</cmdty:id></trn:currency><trn:date-posted><ts:date>2016-02-15 00:00:00 -0500</ts:date></trn:date-posted><trn:date-entered><ts:date>2016-04-25 19:25:07 -0400</ts:date></trn:date-entered><trn:description>Phone Bill</trn:description><trn:slots /><trn:splits><trn:split><split:id type="guid">10b053e2b7396bf8af334e4d71249360</split:id><split:reconciled-state>n</split:reconciled-state><split:value>-10000/100</split:value><split:quantity>-10000/100</split:quantity><split:account type="guid">a30c0a6e05186af474753eb2e245a32a</split:account></trn:split><trn:split><split:id type="guid">ee1e2898a1f6cc5b0cb099189bab18af</split:id><split:reconciled-state>n</split:reconciled-state><split:value>10000/100</split:value><split:quantity>10000/100</split:quantity><split:account type="guid">48595eccd17e0b9c3c37de362a8c6c87</split:account></trn:split></trn:splits></gnc:transaction><gnc:transaction version="2.0.0"><trn:id type="guid">195eaf3418098e93185abab9e43bab75</trn:id><trn:currency><cmdty:space>ISO4217</cmdty:space><cmdty:id>USD</cmdty:id></trn:currency><trn:date-posted><ts:date>2016-02-16 00:00:00 -0500</ts:date></trn:date-posted><trn:date-entered><ts:date>2016-04-25 19:16:48 -0400</ts:date></trn:date-entered><trn:description>Fill-Up</trn:description><trn:slots /><trn:splits><trn:split><split:id type="guid">c940e05c45457f829267e5cb071838ef</split:id><split:reconciled-state>n</split:reconciled-state><split:value>-2525/100</split:value><split:quantity>-2525/100</split:quantity><split:account type="guid">c4ccb1c69aeafdcbee12a82a2c932b27</split:account></trn:split><trn:split><split:id type="guid">d9b5de4268b4c29e1b875b8b8b353c2e</split:id><split:reconciled-state>n</split:reconciled-state><split:value>2525/100</split:value><split:quantity>2525/100</split:quantity><split:account type="guid">0f924489d3a7108f54b3222710793aa2</split:account></trn:split></trn:splits></gnc:transaction><gnc:transaction version="2.0.0"><trn:id type="guid">3e853e89792ac389678d6b147a2332bb</trn:id><trn:currency><cmdty:space>ISO4217</cmdty:space><cmdty:id>USD</cmdty:id></trn:currency><trn:date-posted><ts:date>2016-02-19 00:00:00 -0500</ts:date></trn:date-posted><trn:date-entered><ts:date>2016-04-25 19:11:03 -0400</ts:date></trn:date-entered><trn:description>Paycheck 2</trn:description><trn:slots /><trn:splits><trn:split><split:id type="guid">728540ac603dacd7d8c641b74fd815f9</split:id><split:reconciled-state>n</split:reconciled-state><split:value>10000/100</split:value><split:quantity>10000/100</split:quantity><split:account type="guid">d3a5a96596d81f6a0cf2ca2cd42d410a</split:account></trn:split><trn:split><split:id type="guid">747a45f23eac265b80c5310a9e9fc5bd</split:id><split:reconciled-state>n</split:reconciled-state><split:value>10000/100</split:value><split:quantity>10000/100</split:quantity><split:account type="guid">1683c72cba14bf14b4ad3607dbc11c3c</split:account></trn:split><trn:split><split:id type="guid">75023551ae8143a46cc417a6aa7479d6</split:id><split:reconciled-state>n</split:reconciled-state><split:value>80000/100</split:value><split:quantity>80000/100</split:quantity><split:account type="guid">2b182d25ed30059457cbf1ea12c67862</split:account></trn:split><trn:split><split:id type="guid">a229b6e05ee0daf6e0d1353586b57e80</split:id><split:reconciled-state>n</split:reconciled-state><split:value>10000/100</split:value><split:quantity>10000/100</split:quantity><split:account type="guid">42e3c519f8260dcbf6f25b7ea4fa495c</split:account></trn:split><trn:split><split:id type="guid">aa00312d1aa071b1f00b2721216bdf0b</split:id><split:reconciled-state>n</split:reconciled-state><split:value>-110000/100</split:value><split:quantity>-110000/100</split:quantity><split:account type="guid">b82b69563b7ccd6fbc3b48ab6f698aa2</split:account></trn:split></trn:splits></gnc:transaction><gnc:transaction version="2.0.0"><trn:id type="guid">4423f999c58ebb980eb9539c5ace0806</trn:id><trn:currency><cmdty:space>ISO4217</cmdty:space><cmdty:id>USD</cmdty:id></trn:currency><trn:date-posted><ts:date>2016-02-25 00:00:00 -0500</ts:date></trn:date-posted><trn:date-entered><ts:date>2016-04-25 19:30:24 -0400</ts:date></trn:date-entered><trn:description>Internet Bill</trn:description><trn:slots /><trn:splits><trn:split><split:id type="guid">9ee46e3187b99268c1798956f99219b6</split:id><split:reconciled-state>n</split:reconciled-state><split:value>-6000/100</split:value><split:quantity>-6000/100</split:quantity><split:account type="guid">a10096947250a25816b6ba390a3b2ffa</split:account></trn:split><trn:split><split:id type="guid">d9db28fb1039da6df8bb01c6a3be9f90</split:id><split:reconciled-state>n</split:reconciled-state><split:value>6000/100</split:value><split:quantity>6000/100</split:quantity><split:account type="guid">7abeb1b0d77a3fdb42fcf6cc94d8024f</split:account></trn:split></trn:splits></gnc:transaction><gnc:transaction version="2.0.0"><trn:id type="guid">6723f9e773b233bf6ee04d4ee0f27fea</trn:id><trn:currency><cmdty:space>ISO4217</cmdty:space><cmdty:id>USD</cmdty:id></trn:currency><trn:date-posted><ts:date>2016-02-25 00:00:00 -0500</ts:date></trn:date-posted><trn:date-entered><ts:date>2016-04-25 19:28:55 -0400</ts:date></trn:date-entered><trn:description>Car Payment</trn:description><trn:slots /><trn:splits><trn:split><split:id type="guid">dd3a633bcd204f937f3e8ffaea9b6db2</split:id><split:reconciled-state>n</split:reconciled-state><split:value>-22500/100</split:value><split:quantity>-22500/100</split:quantity><split:account type="guid">bb84fed72996a8711d4ebd5ec155da5d</split:account></trn:split><trn:split><split:id type="guid">ecf448b64ac66a89b096dae394492392</split:id><split:reconciled-state>n</split:reconciled-state><split:value>22500/100</split:value><split:quantity>22500/100</split:quantity><split:account type="guid">144d1b9348ddbeafb88f72b56a9b3935</split:account></trn:split></trn:splits></gnc:transaction><gnc:transaction version="2.0.0"><trn:id type="guid">c80d95e904afe30339ead2c1b0324a65</trn:id><trn:currency><cmdty:space>ISO4217</cmdty:space><cmdty:id>USD</cmdty:id></trn:currency><trn:date-posted><ts:date>2016-02-25 00:00:00 -0500</ts:date></trn:date-posted><trn:date-entered><ts:date>2016-04-25 19:17:00 -0400</ts:date></trn:date-entered><trn:description>Fill-Up</trn:description><trn:slots /><trn:splits><trn:split><split:id type="guid">b1cb69acb6c214e916ad6f29ee121955</split:id><split:reconciled-state>n</split:reconciled-state><split:value>3000/100</split:value><split:quantity>3000/100</split:quantity><split:account type="guid">0f924489d3a7108f54b3222710793aa2</split:account></trn:split><trn:split><split:id type="guid">cfd5413708eb64e22557926fcb096d3e</split:id><split:reconciled-state>n</split:reconciled-state><split:value>-3000/100</split:value><split:quantity>-3000/100</split:quantity><split:account type="guid">c4ccb1c69aeafdcbee12a82a2c932b27</split:account></trn:split></trn:splits></gnc:transaction><gnc:transaction version="2.0.0"><trn:id type="guid">d8aa89ccd0204a1c318591af06a04022</trn:id><trn:currency><cmdty:space>ISO4217</cmdty:space><cmdty:id>USD</cmdty:id></trn:currency><trn:date-posted><ts:date>2016-02-26 00:00:00 -0500</ts:date></trn:date-posted><trn:date-entered><ts:date>2016-04-25 19:35:20 -0400</ts:date></trn:date-entered><trn:description>Bobs Veggie Burgers</trn:description><trn:slots /><trn:splits><trn:split><split:id type="guid">af7d399df19516cd10dd1e72157b5c9c</split:id><split:reconciled-state>n</split:reconciled-state><split:value>-1500/100</split:value><split:quantity>-1500/100</split:quantity><split:account type="guid">827f4b86fbc31c3f39397d85dbb4b295</split:account></trn:split><trn:split><split:id type="guid">bc8951abb2fecf699672d3ba6e10541a</split:id><split:reconciled-state>n</split:reconciled-state><split:value>1500/100</split:value><split:quantity>1500/100</split:quantity><split:account type="guid">fba300ee814d7b0a42436d4dd0230d72</split:account></trn:split></trn:splits></gnc:transaction><gnc:transaction version="2.0.0"><trn:id type="guid">1c2a1615401a9166a374b07747dd8173</trn:id><trn:currency><cmdty:space>ISO4217</cmdty:space><cmdty:id>USD</cmdty:id></trn:currency><trn:date-posted><ts:date>2016-02-27 00:00:00 -0500</ts:date></trn:date-posted><trn:date-entered><ts:date>2016-04-25 19:21:43 -0400</ts:date></trn:date-entered><trn:description>Groceries</trn:description><trn:slots /><trn:splits><trn:split><split:id type="guid">8ca78f10a83a1e16b060a2afddc40155</split:id><split:reconciled-state>n</split:reconciled-state><split:value>-11000/100</split:value><split:quantity>-11000/100</split:quantity><split:account type="guid">1683c72cba14bf14b4ad3607dbc11c3c</split:account></trn:split><trn:split><split:id type="guid">d9b95ea39f5fe6f0284e2c6260b76a1c</split:id><split:reconciled-state>n</split:reconciled-state><split:value>11000/100</split:value><split:quantity>11000/100</split:quantity><split:account type="guid">60b7bfe0b4b00b2e3706aa937c440464</split:account></trn:split></trn:splits></gnc:transaction><gnc:transaction version="2.0.0"><trn:id type="guid">934f623eddce1da5a6b5eddf3d201416</trn:id><trn:currency><cmdty:space>ISO4217</cmdty:space><cmdty:id>USD</cmdty:id></trn:currency><trn:date-posted><ts:date>2016-03-01 00:00:00 -0500</ts:date></trn:date-posted><trn:date-entered><ts:date>2016-04-25 19:26:21 -0400</ts:date></trn:date-entered><trn:description>Rent</trn:description><trn:slots /><trn:splits><trn:split><split:id type="guid">76766be8b0e97f0ac5ce700591dc4efe</split:id><split:reconciled-state>n</split:reconciled-state><split:value>-80000/100</split:value><split:quantity>-80000/100</split:quantity><split:account type="guid">2b182d25ed30059457cbf1ea12c67862</split:account></trn:split><trn:split><split:id type="guid">ef1a2f7825963447bbebeb247fe0362d</split:id><split:reconciled-state>n</split:reconciled-state><split:value>80000/100</split:value><split:quantity>80000/100</split:quantity><split:account type="guid">a8d3f6cfa5f9b372fb2a2b9ca137b9f4</split:account></trn:split></trn:splits></gnc:transaction><gnc:transaction version="2.0.0"><trn:id type="guid">e39f5a22bee1da10aad5a059e21e70d8</trn:id><trn:currency><cmdty:space>ISO4217</cmdty:space><cmdty:id>USD</cmdty:id></trn:currency><trn:date-posted><ts:date>2016-03-01 00:00:00 -0500</ts:date></trn:date-posted><trn:date-entered><ts:date>2016-04-25 19:19:38 -0400</ts:date></trn:date-entered><trn:description>Water Bill</trn:description><trn:slots /><trn:splits><trn:split><split:id type="guid">b473463bd6abea9dbb5309dc795777fd</split:id><split:reconciled-state>n</split:reconciled-state><split:value>7000/100</split:value><split:quantity>7000/100</split:quantity><split:account type="guid">3076f71f3f0de1b30e22966250bafb8c</split:account></trn:split><trn:split><split:id type="guid">dd27de9e505b00b734710a187befa851</split:id><split:reconciled-state>n</split:reconciled-state><split:value>-7000/100</split:value><split:quantity>-7000/100</split:quantity><split:account type="guid">4eadffdaf29bbab25cb6ec2db4b28a67</split:account></trn:split></trn:splits></gnc:transaction><gnc:transaction version="2.0.0"><trn:id type="guid">7b5dd9fab3ef1e2c671c78c62aae1000</trn:id><trn:currency><cmdty:space>ISO4217</cmdty:space><cmdty:id>USD</cmdty:id></trn:currency><trn:date-posted><ts:date>2016-03-02 00:00:00 -0500</ts:date></trn:date-posted><trn:date-entered><ts:date>2016-04-25 19:17:16 -0400</ts:date></trn:date-entered><trn:description>Fill-Up</trn:description><trn:slots /><trn:splits><trn:split><split:id type="guid">4bfeaac82c100a5c534a95a57f14b27b</split:id><split:reconciled-state>n</split:reconciled-state><split:value>2500/100</split:value><split:quantity>2500/100</split:quantity><split:account type="guid">0f924489d3a7108f54b3222710793aa2</split:account></trn:split><trn:split><split:id type="guid">7f21764c5fd7ea5156fff02e349d8c8f</split:id><split:reconciled-state>n</split:reconciled-state><split:value>-2500/100</split:value><split:quantity>-2500/100</split:quantity><split:account type="guid">c4ccb1c69aeafdcbee12a82a2c932b27</split:account></trn:split></trn:splits></gnc:transaction><gnc:transaction version="2.0.0"><trn:id type="guid">9420dcff4468d50ada28e9d0a9670639</trn:id><trn:currency><cmdty:space>ISO4217</cmdty:space><cmdty:id>USD</cmdty:id></trn:currency><trn:date-posted><ts:date>2016-03-04 00:00:00 -0500</ts:date></trn:date-posted><trn:date-entered><ts:date>2016-04-25 19:10:24 -0400</ts:date></trn:date-entered><trn:description>Paycheck 1</trn:description><trn:slots /><trn:splits><trn:split><split:id type="guid">00c45f92640ee6bf08b4ad4eca457a1d</split:id><split:reconciled-state>n</split:reconciled-state><split:value>10000/100</split:value><split:quantity>10000/100</split:quantity><split:account type="guid">827f4b86fbc31c3f39397d85dbb4b295</split:account></trn:split><trn:split><split:id type="guid">511ff272d1d90df1a3322af4a3169c89</split:id><split:reconciled-state>n</split:reconciled-state><split:value>15000/100</split:value><split:quantity>15000/100</split:quantity><split:account type="guid">c4ccb1c69aeafdcbee12a82a2c932b27</split:account></trn:split><trn:split><split:id type="guid">6578af5a7b8a64cbbcd9bfdf042205e7</split:id><split:reconciled-state>n</split:reconciled-state><split:value>12500/100</split:value><split:quantity>12500/100</split:quantity><split:account type="guid">b80ff1598e7a90622984bc20c13ce89a</split:account></trn:split><trn:split><split:id type="guid">919be670833532a7dff782496d739123</split:id><split:reconciled-state>n</split:reconciled-state><split:value>5000/100</split:value><split:quantity>5000/100</split:quantity><split:account type="guid">264713a7280982e1ea668b9ecd65714e</split:account></trn:split><trn:split><split:id type="guid">92a29b3b32a34f0c39c8bb792184543b</split:id><split:reconciled-state>n</split:reconciled-state><split:value>7000/100</split:value><split:quantity>7000/100</split:quantity><split:account type="guid">4eadffdaf29bbab25cb6ec2db4b28a67</split:account></trn:split><trn:split><split:id type="guid">99da84ce9def0ea7f374f3f23bcde423</split:id><split:reconciled-state>n</split:reconciled-state><split:value>6000/100</split:value><split:quantity>6000/100</split:quantity><split:account type="guid">a10096947250a25816b6ba390a3b2ffa</split:account></trn:split><trn:split><split:id type="guid">b10dad9eb18f27ec73bea641831757a7</split:id><split:reconciled-state>n</split:reconciled-state><split:value>-100000/100</split:value><split:quantity>-100000/100</split:quantity><split:account type="guid">b82b69563b7ccd6fbc3b48ab6f698aa2</split:account></trn:split><trn:split><split:id type="guid">c4148bc3eaf6ba3a7156bc8b3a23233a</split:id><split:reconciled-state>n</split:reconciled-state><split:value>10000/100</split:value><split:quantity>10000/100</split:quantity><split:account type="guid">a30c0a6e05186af474753eb2e245a32a</split:account></trn:split><trn:split><split:id type="guid">cacbf2174e7b57e790c9ce7fba00a35a</split:id><split:reconciled-state>n</split:reconciled-state><split:value>12000/100</split:value><split:quantity>12000/100</split:quantity><split:account type="guid">1683c72cba14bf14b4ad3607dbc11c3c</split:account></trn:split><trn:split><split:id type="guid">e154592134773248227e05e6c530ba02</split:id><split:reconciled-state>n</split:reconciled-state><split:value>22500/100</split:value><split:quantity>22500/100</split:quantity><split:account type="guid">bb84fed72996a8711d4ebd5ec155da5d</split:account></trn:split></trn:splits></gnc:transaction><gnc:transaction version="2.0.0"><trn:id type="guid">18b5f94b31483196b17e9a5c7b114a99</trn:id><trn:currency><cmdty:space>ISO4217</cmdty:space><cmdty:id>USD</cmdty:id></trn:currency><trn:date-posted><ts:date>2016-03-05 00:00:00 -0500</ts:date></trn:date-posted><trn:date-entered><ts:date>2016-04-25 19:35:29 -0400</ts:date></trn:date-entered><trn:description>Chipotle</trn:description><trn:slots /><trn:splits><trn:split><split:id type="guid">4f9be417cbd4e1b7dd26092a1886c596</split:id><split:reconciled-state>n</split:reconciled-state><split:value>2000/100</split:value><split:quantity>2000/100</split:quantity><split:account type="guid">fba300ee814d7b0a42436d4dd0230d72</split:account></trn:split><trn:split><split:id type="guid">ec4522a099a64e54fd95466eee880383</split:id><split:reconciled-state>n</split:reconciled-state><split:value>-2000/100</split:value><split:quantity>-2000/100</split:quantity><split:account type="guid">827f4b86fbc31c3f39397d85dbb4b295</split:account></trn:split></trn:splits></gnc:transaction><gnc:transaction version="2.0.0"><trn:id type="guid">1dcdec1e1432f08e231f21a78bdc1aa2</trn:id><trn:currency><cmdty:space>ISO4217</cmdty:space><cmdty:id>USD</cmdty:id></trn:currency><trn:date-posted><ts:date>2016-03-07 00:00:00 -0500</ts:date></trn:date-posted><trn:date-entered><ts:date>2016-04-25 19:27:12 -0400</ts:date></trn:date-entered><trn:description>Electric Bill</trn:description><trn:slots /><trn:splits><trn:split><split:id type="guid">b2459ec3c056d9bbd155901ca9ae1f5a</split:id><split:reconciled-state>n</split:reconciled-state><split:value>5000/100</split:value><split:quantity>5000/100</split:quantity><split:account type="guid">ba0043318cb57e42a11b5968bc3bc0f8</split:account></trn:split><trn:split><split:id type="guid">ced96c72b25021ab3db3b34c7f84ecd8</split:id><split:reconciled-state>n</split:reconciled-state><split:value>-5000/100</split:value><split:quantity>-5000/100</split:quantity><split:account type="guid">264713a7280982e1ea668b9ecd65714e</split:account></trn:split></trn:splits></gnc:transaction><gnc:transaction version="2.0.0"><trn:id type="guid">78f8796498b20fd537108ed29811a17d</trn:id><trn:currency><cmdty:space>ISO4217</cmdty:space><cmdty:id>USD</cmdty:id></trn:currency><trn:date-posted><ts:date>2016-03-09 00:00:00 -0500</ts:date></trn:date-posted><trn:date-entered><ts:date>2016-04-25 19:17:23 -0400</ts:date></trn:date-entered><trn:description>Fill-Up</trn:description><trn:slots /><trn:splits><trn:split><split:id type="guid">53a3811be9a0dbca4fc648b2a104ad18</split:id><split:reconciled-state>n</split:reconciled-state><split:value>-2500/100</split:value><split:quantity>-2500/100</split:quantity><split:account type="guid">c4ccb1c69aeafdcbee12a82a2c932b27</split:account></trn:split><trn:split><split:id type="guid">e5725bfe1e880b946770a14053d3b7cb</split:id><split:reconciled-state>n</split:reconciled-state><split:value>2500/100</split:value><split:quantity>2500/100</split:quantity><split:account type="guid">0f924489d3a7108f54b3222710793aa2</split:account></trn:split></trn:splits></gnc:transaction><gnc:transaction version="2.0.0"><trn:id type="guid">34b1119179ba7631d722d5a11f6c7469</trn:id><trn:currency><cmdty:space>ISO4217</cmdty:space><cmdty:id>USD</cmdty:id></trn:currency><trn:date-posted><ts:date>2016-03-11 00:00:00 -0500</ts:date></trn:date-posted><trn:date-entered><ts:date>2016-04-25 19:12:08 -0400</ts:date></trn:date-entered><trn:description>Das Keyboard</trn:description><trn:slots /><trn:splits><trn:split><split:id type="guid">7ac112a3ad26bef25155f20bd0701da0</split:id><split:reconciled-state>n</split:reconciled-state><split:value>12000/100</split:value><split:quantity>12000/100</split:quantity><split:account type="guid">47b30d837d6b604c846079ddbfa16bb6</split:account></trn:split><trn:split><split:id type="guid">a587f7e52c36c380b69425c35c0a169b</split:id><split:reconciled-state>n</split:reconciled-state><split:value>-12000/100</split:value><split:quantity>-12000/100</split:quantity><split:account type="guid">42e3c519f8260dcbf6f25b7ea4fa495c</split:account></trn:split></trn:splits></gnc:transaction><gnc:transaction version="2.0.0"><trn:id type="guid">353530a3d1ab5b8a4945b9da1a74b11b</trn:id><trn:currency><cmdty:space>ISO4217</cmdty:space><cmdty:id>USD</cmdty:id></trn:currency><trn:date-posted><ts:date>2016-03-12 00:00:00 -0500</ts:date></trn:date-posted><trn:date-entered><ts:date>2016-04-25 19:22:00 -0400</ts:date></trn:date-entered><trn:description>Groceries</trn:description><trn:slots /><trn:splits><trn:split><split:id type="guid">03a0a16e444b2970214536c3170f6e71</split:id><split:reconciled-state>n</split:reconciled-state><split:value>-10000/100</split:value><split:quantity>-10000/100</split:quantity><split:account type="guid">1683c72cba14bf14b4ad3607dbc11c3c</split:account></trn:split><trn:split><split:id type="guid">14837581e9712c08533e896b752dc015</split:id><split:reconciled-state>n</split:reconciled-state><split:value>10000/100</split:value><split:quantity>10000/100</split:quantity><split:account type="guid">60b7bfe0b4b00b2e3706aa937c440464</split:account></trn:split></trn:splits></gnc:transaction><gnc:transaction version="2.0.0"><trn:id type="guid">72249581b543b495b70d1f7169b55e25</trn:id><trn:currency><cmdty:space>ISO4217</cmdty:space><cmdty:id>USD</cmdty:id></trn:currency><trn:date-posted><ts:date>2016-03-12 00:00:00 -0500</ts:date></trn:date-posted><trn:date-entered><ts:date>2016-04-25 19:35:45 -0400</ts:date></trn:date-entered><trn:description>Pizza Pete's</trn:description><trn:slots /><trn:splits><trn:split><split:id type="guid">2432762c4dd1f4de49cee2389fff2367</split:id><split:reconciled-state>n</split:reconciled-state><split:value>-2000/100</split:value><split:quantity>-2000/100</split:quantity><split:account type="guid">827f4b86fbc31c3f39397d85dbb4b295</split:account></trn:split><trn:split><split:id type="guid">35df0c6f2d9b5957b66a7163f619a4e6</split:id><split:reconciled-state>n</split:reconciled-state><split:value>2000/100</split:value><split:quantity>2000/100</split:quantity><split:account type="guid">fba300ee814d7b0a42436d4dd0230d72</split:account></trn:split></trn:splits></gnc:transaction><gnc:transaction version="2.0.0"><trn:id type="guid">8986102f36eabf81a99c8404068e7ed2</trn:id><trn:currency><cmdty:space>ISO4217</cmdty:space><cmdty:id>USD</cmdty:id></trn:currency><trn:date-posted><ts:date>2016-03-12 00:00:00 -0500</ts:date></trn:date-posted><trn:date-entered><ts:date>2016-04-25 19:14:22 -0400</ts:date></trn:date-entered><trn:description>Student Loans</trn:description><trn:slots /><trn:splits><trn:split><split:id type="guid">615de7d60d1733c11244fcd55ba59261</split:id><split:reconciled-state>n</split:reconciled-state><split:value>-12000/100</split:value><split:quantity>-12000/100</split:quantity><split:account type="guid">b80ff1598e7a90622984bc20c13ce89a</split:account></trn:split><trn:split><split:id type="guid">6daf0bbec70ce82f1fb99edac96310de</split:id><split:reconciled-state>n</split:reconciled-state><split:value>12000/100</split:value><split:quantity>12000/100</split:quantity><split:account type="guid">cef52fcc12b7967356179168eb06c2da</split:account></trn:split></trn:splits></gnc:transaction><gnc:transaction version="2.0.0"><trn:id type="guid">b50d469c668a0332285d2f6fd49f5618</trn:id><trn:currency><cmdty:space>ISO4217</cmdty:space><cmdty:id>USD</cmdty:id></trn:currency><trn:date-posted><ts:date>2016-03-15 00:00:00 -0400</ts:date></trn:date-posted><trn:date-entered><ts:date>2016-04-25 19:25:12 -0400</ts:date></trn:date-entered><trn:description>Phone Bill</trn:description><trn:slots /><trn:splits><trn:split><split:id type="guid">2e8c9348125f999879d97ccdca79375c</split:id><split:reconciled-state>n</split:reconciled-state><split:value>-10000/100</split:value><split:quantity>-10000/100</split:quantity><split:account type="guid">a30c0a6e05186af474753eb2e245a32a</split:account></trn:split><trn:split><split:id type="guid">495c72243310c5a142c46e9534913947</split:id><split:reconciled-state>n</split:reconciled-state><split:value>10000/100</split:value><split:quantity>10000/100</split:quantity><split:account type="guid">48595eccd17e0b9c3c37de362a8c6c87</split:account></trn:split></trn:splits></gnc:transaction><gnc:transaction version="2.0.0"><trn:id type="guid">975eef7deae3188acdea48f4381b1dc4</trn:id><trn:currency><cmdty:space>ISO4217</cmdty:space><cmdty:id>USD</cmdty:id></trn:currency><trn:date-posted><ts:date>2016-03-17 00:00:00 -0400</ts:date></trn:date-posted><trn:date-entered><ts:date>2016-04-25 19:17:34 -0400</ts:date></trn:date-entered><trn:description>Fill-Up</trn:description><trn:slots /><trn:splits><trn:split><split:id type="guid">6d80435c60924653ebefabf19cd97388</split:id><split:reconciled-state>n</split:reconciled-state><split:value>-2800/100</split:value><split:quantity>-2800/100</split:quantity><split:account type="guid">c4ccb1c69aeafdcbee12a82a2c932b27</split:account></trn:split><trn:split><split:id type="guid">a998124d6744f9c8dfb91af1872a9edb</split:id><split:reconciled-state>n</split:reconciled-state><split:value>2800/100</split:value><split:quantity>2800/100</split:quantity><split:account type="guid">0f924489d3a7108f54b3222710793aa2</split:account></trn:split></trn:splits></gnc:transaction><gnc:transaction version="2.0.0"><trn:id type="guid">ff7bd5712f8bea619aac012b850e3e9f</trn:id><trn:currency><cmdty:space>ISO4217</cmdty:space><cmdty:id>USD</cmdty:id></trn:currency><trn:date-posted><ts:date>2016-03-18 00:00:00 -0400</ts:date></trn:date-posted><trn:date-entered><ts:date>2016-04-25 19:10:37 -0400</ts:date></trn:date-entered><trn:description>Paycheck 2</trn:description><trn:slots /><trn:splits><trn:split><split:id type="guid">0a530c4513fc23f8d2d48336e34cd53d</split:id><split:reconciled-state>n</split:reconciled-state><split:value>10000/100</split:value><split:quantity>10000/100</split:quantity><split:account type="guid">42e3c519f8260dcbf6f25b7ea4fa495c</split:account></trn:split><trn:split><split:id type="guid">10d54f1c248eac748658bc28c90577d0</split:id><split:reconciled-state>n</split:reconciled-state><split:value>80000/100</split:value><split:quantity>80000/100</split:quantity><split:account type="guid">2b182d25ed30059457cbf1ea12c67862</split:account></trn:split><trn:split><split:id type="guid">681357346bb89ad7475d5a9f4fc5f323</split:id><split:reconciled-state>n</split:reconciled-state><split:value>10000/100</split:value><split:quantity>10000/100</split:quantity><split:account type="guid">d3a5a96596d81f6a0cf2ca2cd42d410a</split:account></trn:split><trn:split><split:id type="guid">74f2727d4c3bdcc5cdca6aaf904f0d24</split:id><split:reconciled-state>n</split:reconciled-state><split:value>10000/100</split:value><split:quantity>10000/100</split:quantity><split:account type="guid">1683c72cba14bf14b4ad3607dbc11c3c</split:account></trn:split><trn:split><split:id type="guid">79385d64d4f78dc1b0cb6021f7d65d78</split:id><split:reconciled-state>n</split:reconciled-state><split:value>-110000/100</split:value><split:quantity>-110000/100</split:quantity><split:account type="guid">b82b69563b7ccd6fbc3b48ab6f698aa2</split:account></trn:split></trn:splits></gnc:transaction><gnc:transaction version="2.0.0"><trn:id type="guid">097490beb03caa07453ce1bf43006aad</trn:id><trn:currency><cmdty:space>ISO4217</cmdty:space><cmdty:id>USD</cmdty:id></trn:currency><trn:date-posted><ts:date>2016-03-25 00:00:00 -0400</ts:date></trn:date-posted><trn:date-entered><ts:date>2016-04-25 19:28:59 -0400</ts:date></trn:date-entered><trn:description>Car Payment</trn:description><trn:slots /><trn:splits><trn:split><split:id type="guid">6f61d0e77ade6fe4bd26b90dc7e74242</split:id><split:reconciled-state>n</split:reconciled-state><split:value>-22500/100</split:value><split:quantity>-22500/100</split:quantity><split:account type="guid">bb84fed72996a8711d4ebd5ec155da5d</split:account></trn:split><trn:split><split:id type="guid">88d501160dcbc1d7b93164830b8badcf</split:id><split:reconciled-state>n</split:reconciled-state><split:value>22500/100</split:value><split:quantity>22500/100</split:quantity><split:account type="guid">144d1b9348ddbeafb88f72b56a9b3935</split:account></trn:split></trn:splits></gnc:transaction><gnc:transaction version="2.0.0"><trn:id type="guid">ac5ebb14ae0c235893165d864274c267</trn:id><trn:currency><cmdty:space>ISO4217</cmdty:space><cmdty:id>USD</cmdty:id></trn:currency><trn:date-posted><ts:date>2016-03-25 00:00:00 -0400</ts:date></trn:date-posted><trn:date-entered><ts:date>2016-04-25 19:30:30 -0400</ts:date></trn:date-entered><trn:description>Internet Bill</trn:description><trn:slots /><trn:splits><trn:split><split:id type="guid">128375d631dc6ec9ebe418b7125a743e</split:id><split:reconciled-state>n</split:reconciled-state><split:value>6000/100</split:value><split:quantity>6000/100</split:quantity><split:account type="guid">7abeb1b0d77a3fdb42fcf6cc94d8024f</split:account></trn:split><trn:split><split:id type="guid">d58b788e72299a15af830820652815e5</split:id><split:reconciled-state>n</split:reconciled-state><split:value>-6000/100</split:value><split:quantity>-6000/100</split:quantity><split:account type="guid">a10096947250a25816b6ba390a3b2ffa</split:account></trn:split></trn:splits></gnc:transaction><gnc:transaction version="2.0.0"><trn:id type="guid">ca7faa59415f4b79e3b536f9301e1480</trn:id><trn:currency><cmdty:space>ISO4217</cmdty:space><cmdty:id>USD</cmdty:id></trn:currency><trn:date-posted><ts:date>2016-03-25 00:00:00 -0400</ts:date></trn:date-posted><trn:date-entered><ts:date>2016-04-25 19:17:45 -0400</ts:date></trn:date-entered><trn:description>Fill-Up</trn:description><trn:slots /><trn:splits><trn:split><split:id type="guid">2c97dfcf3b66bd54ae7090453485b931</split:id><split:reconciled-state>n</split:reconciled-state><split:value>3000/100</split:value><split:quantity>3000/100</split:quantity><split:account type="guid">0f924489d3a7108f54b3222710793aa2</split:account></trn:split><trn:split><split:id type="guid">cc265dbd05da802fa50d726b557e868a</split:id><split:reconciled-state>n</split:reconciled-state><split:value>-3000/100</split:value><split:quantity>-3000/100</split:quantity><split:account type="guid">c4ccb1c69aeafdcbee12a82a2c932b27</split:account></trn:split></trn:splits></gnc:transaction><gnc:transaction version="2.0.0"><trn:id type="guid">29fb488a80b4e8c7769bd90730fd818f</trn:id><trn:currency><cmdty:space>ISO4217</cmdty:space><cmdty:id>USD</cmdty:id></trn:currency><trn:date-posted><ts:date>2016-03-26 00:00:00 -0400</ts:date></trn:date-posted><trn:date-entered><ts:date>2016-04-25 19:35:55 -0400</ts:date></trn:date-entered><trn:description>Hippie Harry's</trn:description><trn:slots /><trn:splits><trn:split><split:id type="guid">48036e7e66d342d509fe90b35eed0b0f</split:id><split:reconciled-state>n</split:reconciled-state><split:value>-2500/100</split:value><split:quantity>-2500/100</split:quantity><split:account type="guid">827f4b86fbc31c3f39397d85dbb4b295</split:account></trn:split><trn:split><split:id type="guid">5d47ee6d8c616dc3392ad10ee198ac94</split:id><split:reconciled-state>n</split:reconciled-state><split:value>2500/100</split:value><split:quantity>2500/100</split:quantity><split:account type="guid">fba300ee814d7b0a42436d4dd0230d72</split:account></trn:split></trn:splits></gnc:transaction><gnc:transaction version="2.0.0"><trn:id type="guid">2a4a49da11ebbca0dd8e9662905611c6</trn:id><trn:currency><cmdty:space>ISO4217</cmdty:space><cmdty:id>USD</cmdty:id></trn:currency><trn:date-posted><ts:date>2016-04-01 00:00:00 -0400</ts:date></trn:date-posted><trn:date-entered><ts:date>2016-04-25 19:26:25 -0400</ts:date></trn:date-entered><trn:description>Rent</trn:description><trn:slots /><trn:splits><trn:split><split:id type="guid">945e114af46d2e1f0baed99d9a48c40f</split:id><split:reconciled-state>n</split:reconciled-state><split:value>-80000/100</split:value><split:quantity>-80000/100</split:quantity><split:account type="guid">2b182d25ed30059457cbf1ea12c67862</split:account></trn:split><trn:split><split:id type="guid">bdc26d36c1b72f3345c082f3876cbb60</split:id><split:reconciled-state>n</split:reconciled-state><split:value>80000/100</split:value><split:quantity>80000/100</split:quantity><split:account type="guid">a8d3f6cfa5f9b372fb2a2b9ca137b9f4</split:account></trn:split></trn:splits></gnc:transaction><gnc:transaction version="2.0.0"><trn:id type="guid">54ba77eee05dec198d755a412b896115</trn:id><trn:currency><cmdty:space>ISO4217</cmdty:space><cmdty:id>USD</cmdty:id></trn:currency><trn:date-posted><ts:date>2016-04-01 00:00:00 -0400</ts:date></trn:date-posted><trn:date-entered><ts:date>2016-04-25 19:19:42 -0400</ts:date></trn:date-entered><trn:description>Water Bill</trn:description><trn:slots /><trn:splits><trn:split><split:id type="guid">5b3aae96f35753287d7a6eacdc619117</split:id><split:reconciled-state>n</split:reconciled-state><split:value>-7000/100</split:value><split:quantity>-7000/100</split:quantity><split:account type="guid">4eadffdaf29bbab25cb6ec2db4b28a67</split:account></trn:split><trn:split><split:id type="guid">79981c279d762403c729c8ee4ffcae6f</split:id><split:reconciled-state>n</split:reconciled-state><split:value>7000/100</split:value><split:quantity>7000/100</split:quantity><split:account type="guid">3076f71f3f0de1b30e22966250bafb8c</split:account></trn:split></trn:splits></gnc:transaction><gnc:transaction version="2.0.0"><trn:id type="guid">a4d56c5f302da3543ce57590c8387913</trn:id><trn:currency><cmdty:space>ISO4217</cmdty:space><cmdty:id>USD</cmdty:id></trn:currency><trn:date-posted><ts:date>2016-04-01 00:00:00 -0400</ts:date></trn:date-posted><trn:date-entered><ts:date>2016-04-25 19:02:26 -0400</ts:date></trn:date-entered><trn:description>Paycheck 1</trn:description><trn:slots /><trn:splits><trn:split><split:id type="guid">026c461501a3b3de346aeefecc6a6cf8</split:id><split:reconciled-state>n</split:reconciled-state><split:value>7000/100</split:value><split:quantity>7000/100</split:quantity><split:account type="guid">4eadffdaf29bbab25cb6ec2db4b28a67</split:account></trn:split><trn:split><split:id type="guid">1517610f3936c64ab0c3cb6d69a9c323</split:id><split:reconciled-state>n</split:reconciled-state><split:value>12500/100</split:value><split:quantity>12500/100</split:quantity><split:account type="guid">b80ff1598e7a90622984bc20c13ce89a</split:account></trn:split><trn:split><split:id type="guid">1676e6e18c86dd2b1e93a7f625e14a1f</split:id><split:reconciled-state>n</split:reconciled-state><split:value>12000/100</split:value><split:quantity>12000/100</split:quantity><split:account type="guid">1683c72cba14bf14b4ad3607dbc11c3c</split:account></trn:split><trn:split><split:id type="guid">1a875eedec52539f361b6b7d0f2fcece</split:id><split:reconciled-state>n</split:reconciled-state><split:value>6000/100</split:value><split:quantity>6000/100</split:quantity><split:account type="guid">a10096947250a25816b6ba390a3b2ffa</split:account></trn:split><trn:split><split:id type="guid">6f30a27782acafbafe367475c58a8aab</split:id><split:reconciled-state>n</split:reconciled-state><split:value>-100000/100</split:value><split:quantity>-100000/100</split:quantity><split:account type="guid">b82b69563b7ccd6fbc3b48ab6f698aa2</split:account></trn:split><trn:split><split:id type="guid">939d9f04295a7327fbae47a8c05bc4c0</split:id><split:reconciled-state>n</split:reconciled-state><split:value>5000/100</split:value><split:quantity>5000/100</split:quantity><split:account type="guid">264713a7280982e1ea668b9ecd65714e</split:account></trn:split><trn:split><split:id type="guid">a4b9f99edee7e4fb17514984fee3f4c0</split:id><split:reconciled-state>n</split:reconciled-state><split:value>22500/100</split:value><split:quantity>22500/100</split:quantity><split:account type="guid">bb84fed72996a8711d4ebd5ec155da5d</split:account></trn:split><trn:split><split:id type="guid">a9bc071d586e605fd0171e66dfab04cc</split:id><split:reconciled-state>n</split:reconciled-state><split:value>15000/100</split:value><split:quantity>15000/100</split:quantity><split:account type="guid">c4ccb1c69aeafdcbee12a82a2c932b27</split:account></trn:split><trn:split><split:id type="guid">be60b3289980d935ecda6feb7cb3f630</split:id><split:reconciled-state>n</split:reconciled-state><split:value>10000/100</split:value><split:quantity>10000/100</split:quantity><split:account type="guid">a30c0a6e05186af474753eb2e245a32a</split:account></trn:split><trn:split><split:id type="guid">e60e985d388b64be98cc2d2696734cd3</split:id><split:reconciled-state>n</split:reconciled-state><split:value>10000/100</split:value><split:quantity>10000/100</split:quantity><split:account type="guid">827f4b86fbc31c3f39397d85dbb4b295</split:account></trn:split></trn:splits></gnc:transaction><gnc:transaction version="2.0.0"><trn:id type="guid">aff22f70e4b123a684e18eb1771fe60c</trn:id><trn:currency><cmdty:space>ISO4217</cmdty:space><cmdty:id>USD</cmdty:id></trn:currency><trn:date-posted><ts:date>2016-04-01 00:00:00 -0400</ts:date></trn:date-posted><trn:date-entered><ts:date>2016-04-25 19:36:06 -0400</ts:date></trn:date-entered><trn:description>Healthy Dan's</trn:description><trn:slots /><trn:splits><trn:split><split:id type="guid">88c851095b34f42d67de3b5324642277</split:id><split:reconciled-state>n</split:reconciled-state><split:value>2000/100</split:value><split:quantity>2000/100</split:quantity><split:account type="guid">fba300ee814d7b0a42436d4dd0230d72</split:account></trn:split><trn:split><split:id type="guid">eba30793a361a52d8df3a0fc31b911f6</split:id><split:reconciled-state>n</split:reconciled-state><split:value>-2000/100</split:value><split:quantity>-2000/100</split:quantity><split:account type="guid">827f4b86fbc31c3f39397d85dbb4b295</split:account></trn:split></trn:splits></gnc:transaction><gnc:transaction version="2.0.0"><trn:id type="guid">bdb3afba797ed2314661046e30efbe34</trn:id><trn:currency><cmdty:space>ISO4217</cmdty:space><cmdty:id>USD</cmdty:id></trn:currency><trn:date-posted><ts:date>2016-04-01 00:00:00 -0400</ts:date></trn:date-posted><trn:date-entered><ts:date>2016-04-25 19:17:55 -0400</ts:date></trn:date-entered><trn:description>Fill-Up</trn:description><trn:slots /><trn:splits><trn:split><split:id type="guid">189a8ed61e1c71c6f3cf13a97b230bb4</split:id><split:reconciled-state>n</split:reconciled-state><split:value>2700/100</split:value><split:quantity>2700/100</split:quantity><split:account type="guid">0f924489d3a7108f54b3222710793aa2</split:account></trn:split><trn:split><split:id type="guid">65ede67ccd432db2bca356df0fab8c99</split:id><split:reconciled-state>n</split:reconciled-state><split:value>-2700/100</split:value><split:quantity>-2700/100</split:quantity><split:account type="guid">c4ccb1c69aeafdcbee12a82a2c932b27</split:account></trn:split></trn:splits></gnc:transaction><gnc:transaction version="2.0.0"><trn:id type="guid">dac69248cc0e7004b5edb14e58001390</trn:id><trn:currency><cmdty:space>ISO4217</cmdty:space><cmdty:id>USD</cmdty:id></trn:currency><trn:date-posted><ts:date>2016-04-07 00:00:00 -0400</ts:date></trn:date-posted><trn:date-entered><ts:date>2016-04-25 19:27:17 -0400</ts:date></trn:date-entered><trn:description>Electric Bill</trn:description><trn:slots /><trn:splits><trn:split><split:id type="guid">18ec77867e52bc11570d0ddc087e9386</split:id><split:reconciled-state>n</split:reconciled-state><split:value>5000/100</split:value><split:quantity>5000/100</split:quantity><split:account type="guid">ba0043318cb57e42a11b5968bc3bc0f8</split:account></trn:split><trn:split><split:id type="guid">e8ca44bc78cb098ef6899fdae960a748</split:id><split:reconciled-state>n</split:reconciled-state><split:value>-5000/100</split:value><split:quantity>-5000/100</split:quantity><split:account type="guid">264713a7280982e1ea668b9ecd65714e</split:account></trn:split></trn:splits></gnc:transaction><gnc:transaction version="2.0.0"><trn:id type="guid">15dbec34719d07630121969f2103124a</trn:id><trn:currency><cmdty:space>ISO4217</cmdty:space><cmdty:id>USD</cmdty:id></trn:currency><trn:date-posted><ts:date>2016-04-08 00:00:00 -0400</ts:date></trn:date-posted><trn:date-entered><ts:date>2016-04-25 19:36:18 -0400</ts:date></trn:date-entered><trn:description>Veggy McVeggerson</trn:description><trn:slots /><trn:splits><trn:split><split:id type="guid">6bfb681861e0b4881f47845cb5988a0d</split:id><split:reconciled-state>n</split:reconciled-state><split:value>-1800/100</split:value><split:quantity>-1800/100</split:quantity><split:account type="guid">827f4b86fbc31c3f39397d85dbb4b295</split:account></trn:split><trn:split><split:id type="guid">86ff11e36991445386fad4c1cb4fc682</split:id><split:reconciled-state>n</split:reconciled-state><split:value>1800/100</split:value><split:quantity>1800/100</split:quantity><split:account type="guid">fba300ee814d7b0a42436d4dd0230d72</split:account></trn:split></trn:splits></gnc:transaction><gnc:transaction version="2.0.0"><trn:id type="guid">f58c12f2f2829329bf6d08e01c26a6ac</trn:id><trn:currency><cmdty:space>ISO4217</cmdty:space><cmdty:id>USD</cmdty:id></trn:currency><trn:date-posted><ts:date>2016-04-08 00:00:00 -0400</ts:date></trn:date-posted><trn:date-entered><ts:date>2016-04-25 19:18:03 -0400</ts:date></trn:date-entered><trn:description>Fill-Up</trn:description><trn:slots /><trn:splits><trn:split><split:id type="guid">72e52225df673d5aa5bd0fc412e9afa3</split:id><split:reconciled-state>n</split:reconciled-state><split:value>2525/100</split:value><split:quantity>2525/100</split:quantity><split:account type="guid">0f924489d3a7108f54b3222710793aa2</split:account></trn:split><trn:split><split:id type="guid">d474475d7dd2c6187bc3dd0a8898aff2</split:id><split:reconciled-state>n</split:reconciled-state><split:value>-2525/100</split:value><split:quantity>-2525/100</split:quantity><split:account type="guid">c4ccb1c69aeafdcbee12a82a2c932b27</split:account></trn:split></trn:splits></gnc:transaction><gnc:transaction version="2.0.0"><trn:id type="guid">47a27df85b869975da771758be7b27e9</trn:id><trn:currency><cmdty:space>ISO4217</cmdty:space><cmdty:id>USD</cmdty:id></trn:currency><trn:date-posted><ts:date>2016-04-09 00:00:00 -0400</ts:date></trn:date-posted><trn:date-entered><ts:date>2016-04-25 19:22:19 -0400</ts:date></trn:date-entered><trn:description>Groceries</trn:description><trn:slots /><trn:splits><trn:split><split:id type="guid">8e20c33e9632dc762b7c6b89dd37fdf3</split:id><split:reconciled-state>n</split:reconciled-state><split:value>-10000/100</split:value><split:quantity>-10000/100</split:quantity><split:account type="guid">1683c72cba14bf14b4ad3607dbc11c3c</split:account></trn:split><trn:split><split:id type="guid">c0c1b963fddc8045488d47721bcf5fa0</split:id><split:reconciled-state>n</split:reconciled-state><split:value>10000/100</split:value><split:quantity>10000/100</split:quantity><split:account type="guid">60b7bfe0b4b00b2e3706aa937c440464</split:account></trn:split></trn:splits></gnc:transaction><gnc:transaction version="2.0.0"><trn:id type="guid">b56f5bcfd82e656c7f3d14a60bf4a015</trn:id><trn:currency><cmdty:space>ISO4217</cmdty:space><cmdty:id>USD</cmdty:id></trn:currency><trn:date-posted><ts:date>2016-04-12 00:00:00 -0400</ts:date></trn:date-posted><trn:date-entered><ts:date>2016-04-25 19:14:32 -0400</ts:date></trn:date-entered><trn:description>Student Loans</trn:description><trn:slots /><trn:splits><trn:split><split:id type="guid">a900da7565e60407b1131bb719d593b4</split:id><split:reconciled-state>n</split:reconciled-state><split:value>12000/100</split:value><split:quantity>12000/100</split:quantity><split:account type="guid">cef52fcc12b7967356179168eb06c2da</split:account></trn:split><trn:split><split:id type="guid">ada31c0112af1d5d5f8f4225235bf037</split:id><split:reconciled-state>n</split:reconciled-state><split:value>-12000/100</split:value><split:quantity>-12000/100</split:quantity><split:account type="guid">b80ff1598e7a90622984bc20c13ce89a</split:account></trn:split></trn:splits></gnc:transaction><gnc:transaction version="2.0.0"><trn:id type="guid">08650d0234d93fd5b597ec6d5b419c89</trn:id><trn:currency><cmdty:space>ISO4217</cmdty:space><cmdty:id>USD</cmdty:id></trn:currency><trn:date-posted><ts:date>2016-04-15 00:00:00 -0400</ts:date></trn:date-posted><trn:date-entered><ts:date>2016-04-25 19:25:18 -0400</ts:date></trn:date-entered><trn:description>Phone Bill</trn:description><trn:slots /><trn:splits><trn:split><split:id type="guid">08721a867dca890aca591a3398c7aefd</split:id><split:reconciled-state>n</split:reconciled-state><split:value>10000/100</split:value><split:quantity>10000/100</split:quantity><split:account type="guid">48595eccd17e0b9c3c37de362a8c6c87</split:account></trn:split><trn:split><split:id type="guid">966828234bcfdb186d11045f2c316d51</split:id><split:reconciled-state>n</split:reconciled-state><split:value>-10000/100</split:value><split:quantity>-10000/100</split:quantity><split:account type="guid">a30c0a6e05186af474753eb2e245a32a</split:account></trn:split></trn:splits></gnc:transaction><gnc:transaction version="2.0.0"><trn:id type="guid">431d8cced761de077c718b7e428f94bb</trn:id><trn:currency><cmdty:space>ISO4217</cmdty:space><cmdty:id>USD</cmdty:id></trn:currency><trn:date-posted><ts:date>2016-04-15 00:00:00 -0400</ts:date></trn:date-posted><trn:date-entered><ts:date>2016-04-25 19:07:01 -0400</ts:date></trn:date-entered><trn:description>Paycheck 2</trn:description><trn:slots /><trn:splits><trn:split><split:id type="guid">10c85ccea7d6f412e622b428b46c9eef</split:id><split:reconciled-state>n</split:reconciled-state><split:value>-110000/100</split:value><split:quantity>-110000/100</split:quantity><split:account type="guid">b82b69563b7ccd6fbc3b48ab6f698aa2</split:account></trn:split><trn:split><split:id type="guid">206649cfa2da3486e1b0a196d4b0ed9e</split:id><split:reconciled-state>n</split:reconciled-state><split:value>80000/100</split:value><split:quantity>80000/100</split:quantity><split:account type="guid">2b182d25ed30059457cbf1ea12c67862</split:account></trn:split><trn:split><split:id type="guid">a24fed01ea9dd64a86bd5fbe0473794c</split:id><split:reconciled-state>n</split:reconciled-state><split:value>10000/100</split:value><split:quantity>10000/100</split:quantity><split:account type="guid">d3a5a96596d81f6a0cf2ca2cd42d410a</split:account></trn:split><trn:split><split:id type="guid">a9d2ccb4f04be3c752d5704397930937</split:id><split:reconciled-state>n</split:reconciled-state><split:value>10000/100</split:value><split:quantity>10000/100</split:quantity><split:account type="guid">42e3c519f8260dcbf6f25b7ea4fa495c</split:account></trn:split><trn:split><split:id type="guid">af343ce618ad4e1f70723783046fbdba</split:id><split:reconciled-state>n</split:reconciled-state><split:value>10000/100</split:value><split:quantity>10000/100</split:quantity><split:account type="guid">1683c72cba14bf14b4ad3607dbc11c3c</split:account></trn:split></trn:splits></gnc:transaction><gnc:transaction version="2.0.0"><trn:id type="guid">a4c05844ad564e77b2c62745d899c56a</trn:id><trn:currency><cmdty:space>ISO4217</cmdty:space><cmdty:id>USD</cmdty:id></trn:currency><trn:date-posted><ts:date>2016-04-15 00:00:00 -0400</ts:date></trn:date-posted><trn:date-entered><ts:date>2016-04-25 19:18:09 -0400</ts:date></trn:date-entered><trn:description>Fill-Up</trn:description><trn:slots /><trn:splits><trn:split><split:id type="guid">49ed8e12dd5981088fd62ba1dad25fa1</split:id><split:reconciled-state>n</split:reconciled-state><split:value>2525/100</split:value><split:quantity>2525/100</split:quantity><split:account type="guid">0f924489d3a7108f54b3222710793aa2</split:account></trn:split><trn:split><split:id type="guid">6b28600919226bba79487fbd78caf35d</split:id><split:reconciled-state>n</split:reconciled-state><split:value>-2525/100</split:value><split:quantity>-2525/100</split:quantity><split:account type="guid">c4ccb1c69aeafdcbee12a82a2c932b27</split:account></trn:split></trn:splits></gnc:transaction><gnc:transaction version="2.0.0"><trn:id type="guid">49a494cbecdc5582032ca340e66dec36</trn:id><trn:currency><cmdty:space>ISO4217</cmdty:space><cmdty:id>USD</cmdty:id></trn:currency><trn:date-posted><ts:date>2016-04-16 00:00:00 -0400</ts:date></trn:date-posted><trn:date-entered><ts:date>2016-04-25 19:36:27 -0400</ts:date></trn:date-entered><trn:description>Pizza Pete's</trn:description><trn:slots /><trn:splits><trn:split><split:id type="guid">4dc3ab120e87ccc257beae81e69155e2</split:id><split:reconciled-state>n</split:reconciled-state><split:value>-2000/100</split:value><split:quantity>-2000/100</split:quantity><split:account type="guid">827f4b86fbc31c3f39397d85dbb4b295</split:account></trn:split><trn:split><split:id type="guid">9765df29e6d5bad0aee9c0bcd61e4dae</split:id><split:reconciled-state>n</split:reconciled-state><split:value>2000/100</split:value><split:quantity>2000/100</split:quantity><split:account type="guid">fba300ee814d7b0a42436d4dd0230d72</split:account></trn:split></trn:splits></gnc:transaction><gnc:transaction version="2.0.0"><trn:id type="guid">2e5f15c07e4f91957cbb9f8db4a0f0c7</trn:id><trn:currency><cmdty:space>ISO4217</cmdty:space><cmdty:id>USD</cmdty:id></trn:currency><trn:date-posted><ts:date>2016-04-23 00:00:00 -0400</ts:date></trn:date-posted><trn:date-entered><ts:date>2016-04-25 19:22:26 -0400</ts:date></trn:date-entered><trn:description>Groceries</trn:description><trn:slots /><trn:splits><trn:split><split:id type="guid">2807ce823cd53343ea1d81e31ba193e3</split:id><split:reconciled-state>n</split:reconciled-state><split:value>-11000/100</split:value><split:quantity>-11000/100</split:quantity><split:account type="guid">1683c72cba14bf14b4ad3607dbc11c3c</split:account></trn:split><trn:split><split:id type="guid">ce5ae32b8969d116a2d3f874f1c457ba</split:id><split:reconciled-state>n</split:reconciled-state><split:value>11000/100</split:value><split:quantity>11000/100</split:quantity><split:account type="guid">60b7bfe0b4b00b2e3706aa937c440464</split:account></trn:split></trn:splits></gnc:transaction><gnc:transaction version="2.0.0"><trn:id type="guid">fc75169c381bd0ae9599fdf55395eb5e</trn:id><trn:currency><cmdty:space>ISO4217</cmdty:space><cmdty:id>USD</cmdty:id></trn:currency><trn:date-posted><ts:date>2016-04-23 00:00:00 -0400</ts:date></trn:date-posted><trn:date-entered><ts:date>2016-04-25 19:12:55 -0400</ts:date></trn:date-entered><trn:description>Monitor</trn:description><trn:slots /><trn:splits><trn:split><split:id type="guid">828ec217a85154321dc2bc9b5d32ec5d</split:id><split:reconciled-state>n</split:reconciled-state><split:value>25000/100</split:value><split:quantity>25000/100</split:quantity><split:account type="guid">47b30d837d6b604c846079ddbfa16bb6</split:account></trn:split><trn:split><split:id type="guid">a060dbef293c34bb9388d20dee9eafdb</split:id><split:reconciled-state>n</split:reconciled-state><split:value>-25000/100</split:value><split:quantity>-25000/100</split:quantity><split:account type="guid">42e3c519f8260dcbf6f25b7ea4fa495c</split:account></trn:split></trn:splits></gnc:transaction><gnc:transaction version="2.0.0"><trn:id type="guid">007d1fecfbda77be9b757cf65dd24cc0</trn:id><trn:currency><cmdty:space>ISO4217</cmdty:space><cmdty:id>USD</cmdty:id></trn:currency><trn:date-posted><ts:date>2016-04-25 00:00:00 -0400</ts:date></trn:date-posted><trn:date-entered><ts:date>2016-04-25 19:29:03 -0400</ts:date></trn:date-entered><trn:description>Car Payment</trn:description><trn:slots /><trn:splits><trn:split><split:id type="guid">658e056e4d2fe946ca6f486943457a56</split:id><split:reconciled-state>n</split:reconciled-state><split:value>22500/100</split:value><split:quantity>22500/100</split:quantity><split:account type="guid">144d1b9348ddbeafb88f72b56a9b3935</split:account></trn:split><trn:split><split:id type="guid">76f445d46ccde2ac96e85d448169f7b2</split:id><split:reconciled-state>n</split:reconciled-state><split:value>-22500/100</split:value><split:quantity>-22500/100</split:quantity><split:account type="guid">bb84fed72996a8711d4ebd5ec155da5d</split:account></trn:split></trn:splits></gnc:transaction><gnc:transaction version="2.0.0"><trn:id type="guid">9b57bdb632f7e8cdb2dd27f35f568fd2</trn:id><trn:currency><cmdty:space>ISO4217</cmdty:space><cmdty:id>USD</cmdty:id></trn:currency><trn:date-posted><ts:date>2016-04-25 00:00:00 -0400</ts:date></trn:date-posted><trn:date-entered><ts:date>2016-04-25 19:30:35 -0400</ts:date></trn:date-entered><trn:description>Internet Bill</trn:description><trn:slots /><trn:splits><trn:split><split:id type="guid">95d8968b9360b483802a8a5b7d121db3</split:id><split:reconciled-state>n</split:reconciled-state><split:value>-6000/100</split:value><split:quantity>-6000/100</split:quantity><split:account type="guid">a10096947250a25816b6ba390a3b2ffa</split:account></trn:split><trn:split><split:id type="guid">9ef270025352a0edb8144e8120ef07f3</split:id><split:reconciled-state>n</split:reconciled-state><split:value>6000/100</split:value><split:quantity>6000/100</split:quantity><split:account type="guid">7abeb1b0d77a3fdb42fcf6cc94d8024f</split:account></trn:split></trn:splits></gnc:transaction><gnc:transaction version="2.0.0"><trn:id type="guid">f8f7d54f7c2ce9793ea84819f415bedb</trn:id><trn:currency><cmdty:space>ISO4217</cmdty:space><cmdty:id>USD</cmdty:id></trn:currency><trn:date-posted><ts:date>2016-04-25 00:00:00 -0400</ts:date></trn:date-posted><trn:date-entered><ts:date>2016-04-25 19:18:20 -0400</ts:date></trn:date-entered><trn:description>Fill-Up</trn:description><trn:slots /><trn:splits><trn:split><split:id type="guid">b209e9cb0f33e3beee01e9b7bfcf7a9e</split:id><split:reconciled-state>n</split:reconciled-state><split:value>3000/100</split:value><split:quantity>3000/100</split:quantity><split:account type="guid">0f924489d3a7108f54b3222710793aa2</split:account></trn:split><trn:split><split:id type="guid">f3fa9c234d878b03189d1a3f19a24fbb</split:id><split:reconciled-state>n</split:reconciled-state><split:value>-3000/100</split:value><split:quantity>-3000/100</split:quantity><split:account type="guid">c4ccb1c69aeafdcbee12a82a2c932b27</split:account></trn:split></trn:splits></gnc:transaction></gnc:book></gnc-v2>